{"event":"subscribe","arg":{"channel":"books5","instId":"ADA-USDT"},"connId":"49c0448e"}
{"arg":{"channel":"books5","instId":"ADA-USDT"},"data":[{"asks":[["0.3189","9615.0456","0","5"],["0.319","16835.5288","0","11"],["0.3191","28369.229","0","15"],["0.3192","34243.7679","0","8"],["0.3193","21013.2691","0","12"]],"bids":[["0.3187","13354.4725","0","8"],["0.3186","43507.8031","0","16"],["0.3185","66967.8596","0","13"],["0.3184","9139.2766","0","8"],["0.3183","47061.9775","0","14"]],"instId":"ADA-USDT","ts":"1722881000709","seqId":6953642335}]}
{"arg":{"channel":"books5","instId":"ADA-USDT"},"data":[{"asks":[["0.3189","10262.3912","0","6"],["0.319","16168.1117","0","10"],["0.3191","28369.229","0","15"],["0.3192","34777.4561","0","9"],["0.3193","27306.0011","0","14"]],"bids":[["0.3187","13354.4725","0","8"],["0.3186","40626.8706","0","15"],["0.3185","70636.4981","0","15"],["0.3184","9139.2766","0","8"],["0.3183","48348.5958","0","15"]],"instId":"ADA-USDT","ts":"1722881000809","seqId":6953642355}]}
{"arg":{"channel":"books5","instId":"ADA-USDT"},"data":[{"asks":[["0.3189","10852.501","0","7"],["0.319","15578.0019","0","9"],["0.3191","28369.229","0","15"],["0.3192","34777.4561","0","9"],["0.3193","27306.0011","0","14"]],"bids":[["0.3187","13354.4725","0","8"],["0.3186","38073.7071","0","14"],["0.3185","73189.6616","0","16"],["0.3184","19633.601","0","9"],["0.3183","48348.5958","0","15"]],"instId":"ADA-USDT","ts":"1722881000909","seqId":6953642362}]}
{"arg":{"channel":"books5","instId":"ADA-USDT"},"data":[{"asks":[["0.3188","14344.5355","0","8"],["0.3189","10613.605","0","8"],["0.319","13669.2098","0","8"],["0.3191","26802.8403","0","14"],["0.3192","37375.4241","0","9"]],"bids":[["0.3187","752.1546","0","1"],["0.3186","12570.632","0","7"],["0.3185","70371.2518","0","18"],["0.3184","18612.7499","0","12"],["0.3183","49423.2984","0","15"]],"instId":"ADA-USDT","ts":"1722881001109","seqId":6953642433}]}
{"arg":{"channel":"books5","instId":"ADA-USDT"},"data":[{"asks":[["0.3188","14991.8811","0","9"],["0.3189","20337.5546","0","9"],["0.319","16213.2992","0","9"],["0.3191","32249.6842","0","17"],["0.3192","37375.4241","0","9"]],"bids":[["0.3186","15070.632","0","8"],["0.3185","38266.7336","0","15"],["0.3184","18467.8852","0","14"],["0.3183","44397.2984","0","14"],["0.3182","35779.9898","0","8"]],"instId":"ADA-USDT","ts":"1722881001209","seqId":6953642526}]}
{"arg":{"channel":"books5","instId":"ADA-USDT"},"data":[{"asks":[["0.3188","17134.6401","0","10"],["0.3189","20337.5546","0","9"],["0.319","16213.2992","0","9"],["0.3191","32364.4703","0","17"],["0.3192","34578.5354","0","7"]],"bids":[["0.3186","15070.632","0","8"],["0.3185","38266.7336","0","15"],["0.3184","18467.8852","0","14"],["0.3183","69474.4984","0","15"],["0.3182","35779.9898","0","8"]],"instId":"ADA-USDT","ts":"1722881001309","seqId":6953642548}]}
{"arg":{"channel":"books5","instId":"ADA-USDT"},"data":[{"asks":[["0.3188","17134.6401","0","10"],["0.3189","21420.1589","0","10"],["0.319","16879.9658","0","10"],["0.3191","32364.4703","0","17"],["0.3192","34578.5354","0","7"]],"bids":[["0.3186","15070.632","0","8"],["0.3185","38266.7336","0","15"],["0.3184","17867.8852","0","13"],["0.3183","69474.4984","0","15"],["0.3182","35779.9898","0","8"]],"instId":"ADA-USDT","ts":"1722881001409","seqId":6953642566}]}
{"arg":{"channel":"books5","instId":"ADA-USDT"},"data":[{"asks":[["0.3187","8786.5101","0","6"],["0.3188","23257.9827","0","9"],["0.3189","18920.1589","0","9"],["0.319","9952.0781","0","8"],["0.3191","26302.9158","0","16"]],"bids":[["0.3185","14894.8343","0","9"],["0.3184","23892.9966","0","16"],["0.3183","68417.3668","0","18"],["0.3182","25703.5621","0","7"],["0.3181","32633.4515","0","12"]],"instId":"ADA-USDT","ts":"1722881001509","seqId":6953642659}]}
{"arg":{"channel":"books5","instId":"ADA-USDT"},"data":[{"asks":[["0.3187","5786.5101","0","5"],["0.3188","23287.9827","0","11"],["0.3189","18920.1589","0","9"],["0.319","9513.1911","0","7"],["0.3191","26302.9158","0","16"]],"bids":[["0.3185","17894.8343","0","10"],["0.3184","27807.7238","0","16"],["0.3183","68417.3668","0","18"],["0.3182","30401.9691","0","7"],["0.3181","37242.728","0","13"]],"instId":"ADA-USDT","ts":"1722881001609","seqId":6953642680}]}
{"arg":{"channel":"books5","instId":"ADA-USDT"},"data":[{"asks":[["0.3187","7296.3501","0","5"],["0.3188","25473.3292","0","11"],["0.3189","10816.1509","0","9"],["0.319","10014.9343","0","8"],["0.3191","29435.2504","0","17"]],"bids":[["0.3186","2500","0","1"],["0.3185","16463.7804","0","10"],["0.3184","28595.9241","0","17"],["0.3183","86742.0857","0","20"],["0.3182","15454.6527","0","7"]],"instId":"ADA-USDT","ts":"1722881001709","seqId":6953642715}]}
{"arg":{"channel":"books5","instId":"ADA-USDT"},"data":[{"asks":[["0.3187","7296.3501","0","5"],["0.3188","33068.007","0","12"],["0.3189","35893.3509","0","10"],["0.319","9985.2476","0","8"],["0.3191","29435.2504","0","17"]],"bids":[["0.3185","16463.7804","0","10"],["0.3184","27807.7238","0","16"],["0.3183","78911.6912","0","19"],["0.3182","23047.8543","0","7"],["0.3181","37242.728","0","13"]],"instId":"ADA-USDT","ts":"1722881001809","seqId":6953642739}]}
{"arg":{"channel":"books5","instId":"ADA-USDT"},"data":[{"asks":[["0.3187","7296.3501","0","5"],["0.3188","33068.007","0","12"],["0.3189","35893.3509","0","10"],["0.319","9513.1911","0","7"],["0.3191","29435.2504","0","17"]],"bids":[["0.3185","16463.7804","0","10"],["0.3184","27807.7238","0","16"],["0.3183","78911.6912","0","19"],["0.3182","23047.8543","0","7"],["0.3181","37242.728","0","13"]],"instId":"ADA-USDT","ts":"1722881001909","seqId":6953642741}]}
{"arg":{"channel":"books5","instId":"ADA-USDT"},"data":[{"asks":[["0.3187","3147.3456","0","2"],["0.3188","33068.007","0","12"],["0.3189","35893.3509","0","10"],["0.319","10019.8046","0","8"],["0.3191","29435.2504","0","17"]],"bids":[["0.3186","6433.3127","0","4"],["0.3185","15742.6938","0","9"],["0.3184","28595.9241","0","17"],["0.3183","78911.6912","0","19"],["0.3182","23047.8543","0","7"]],"instId":"ADA-USDT","ts":"1722881002009","seqId":6953642756}]}
{"arg":{"channel":"books5","instId":"ADA-USDT"},"data":[{"asks":[["0.3188","13643.6512","0","8"],["0.3189","35303.2411","0","9"],["0.319","10297.6278","0","8"],["0.3191","29435.2504","0","17"],["0.3192","12895.2826","0","7"]],"bids":[["0.3186","7133.3127","0","5"],["0.3185","21389.9266","0","10"],["0.3184","28595.9241","0","17"],["0.3183","68417.3668","0","18"],["0.3182","17400.6211","0","7"]],"instId":"ADA-USDT","ts":"1722881002109","seqId":6953642801}]}
{"arg":{"channel":"books5","instId":"ADA-USDT"},"data":[{"asks":[["0.3187","5053.5945","0","3"],["0.3188","21378.5275","0","11"],["0.3189","35303.1631","0","9"],["0.319","10297.6278","0","8"],["0.3191","30855.3843","0","19"]],"bids":[["0.3186","6433.3127","0","4"],["0.3185","20751.7679","0","9"],["0.3184","28595.9241","0","17"],["0.3183","72339.0143","0","18"],["0.3182","15045.9587","0","7"]],"instId":"ADA-USDT","ts":"1722881002209","seqId":6953642822}]}
{"arg":{"channel":"books5","instId":"ADA-USDT"},"data":[{"asks":[["0.3188","11290.9968","0","8"],["0.3189","33735.9539","0","8"],["0.319","10297.6278","0","8"],["0.3191","30855.3843","0","19"],["0.3192","12895.2826","0","7"]],"bids":[["0.3187","1617.9046","0","1"],["0.3186","11838.1596","0","6"],["0.3185","22394.1545","0","9"],["0.3184","28595.9241","0","17"],["0.3183","83641.1889","0","19"]],"instId":"ADA-USDT","ts":"1722881002309","seqId":6953642837}]}
{"arg":{"channel":"books5","instId":"ADA-USDT"},"data":[{"asks":[["0.3188","14241.5814","0","9"],["0.3189","34611.3366","0","10"],["0.319","10297.6278","0","8"],["0.3191","27307.9543","0","17"],["0.3192","12895.2826","0","7"]],"bids":[["0.3187","1617.9046","0","1"],["0.3186","11125.9335","0","5"],["0.3185","23182.4785","0","10"],["0.3184","21542.4608","0","16"],["0.3183","72339.0143","0","18"]],"instId":"ADA-USDT","ts":"1722881002409","seqId":6953642864}]}
{"arg":{"channel":"books5","instId":"ADA-USDT"},"data":[{"asks":[["0.3187","5647.3456","0","3"],["0.3188","18447.9965","0","8"],["0.3189","34611.3366","0","10"],["0.319","10297.6278","0","8"],["0.3191","27307.9543","0","17"]],"bids":[["0.3186","5000","0","2"],["0.3185","14256.7045","0","8"],["0.3184","21542.4608","0","16"],["0.3183","72339.0143","0","18"],["0.3182","14260.4115","0","6"]],"instId":"ADA-USDT","ts":"1722881002509","seqId":6953642893}]}
{"arg":{"channel":"books5","instId":"ADA-USDT"},"data":[{"asks":[["0.3187","5647.3456","0","3"],["0.3188","18447.9965","0","8"],["0.3189","34611.3366","0","10"],["0.319","10297.6278","0","8"],["0.3191","28182.7686","0","18"]],"bids":[["0.3186","5712.2261","0","3"],["0.3185","20262.1622","0","9"],["0.3184","21542.4608","0","16"],["0.3183","72339.0143","0","18"],["0.3182","14260.4115","0","6"]],"instId":"ADA-USDT","ts":"1722881002609","seqId":6953642901}]}
{"arg":{"channel":"books5","instId":"ADA-USDT"},"data":[{"asks":[["0.3187","6796.6912","0","4"],["0.3188","19125.3421","0","11"],["0.3189","34611.3366","0","10"],["0.319","10905.7689","0","9"],["0.3191","27307.9543","0","17"]],"bids":[["0.3185","20262.1622","0","9"],["0.3184","27809.9367","0","16"],["0.3183","72339.0143","0","18"],["0.3182","15076.5557","0","7"],["0.3181","36011.5294","0","12"]],"instId":"ADA-USDT","ts":"1722881002709","seqId":6953642924}]}
{"arg":{"channel":"books5","instId":"ADA-USDT"},"data":[{"asks":[["0.3187","9323.9456","0","7"],["0.3188","18477.9965","0","10"],["0.3189","34611.3366","0","10"],["0.319","11367.2528","0","9"],["0.3191","17755.3163","0","14"]],"bids":[["0.3185","14256.7045","0","8"],["0.3184","27809.9367","0","16"],["0.3183","80957.7333","0","20"],["0.3182","12077.25","0","5"],["0.3181","37025.8801","0","13"]],"instId":"ADA-USDT","ts":"1722881002809","seqId":6953642954}]}
{"arg":{"channel":"books5","instId":"ADA-USDT"},"data":[{"asks":[["0.3187","9323.9456","0","7"],["0.3188","18477.9965","0","10"],["0.3189","34611.3366","0","10"],["0.319","11928.2837","0","10"],["0.3191","17755.3163","0","14"]],"bids":[["0.3185","14256.7045","0","8"],["0.3184","27809.9367","0","16"],["0.3183","80957.7333","0","20"],["0.3182","12077.25","0","5"],["0.3181","37025.8801","0","13"]],"instId":"ADA-USDT","ts":"1722881002909","seqId":6953642957}]}
{"arg":{"channel":"books5","instId":"ADA-USDT"},"data":[{"asks":[["0.3187","9283.1083","0","6"],["0.3188","16677.9965","0","10"],["0.3189","35367.0432","0","11"],["0.319","11298.415","0","9"],["0.3191","19066.631","0","14"]],"bids":[["0.3185","14256.7045","0","8"],["0.3184","27809.9367","0","16"],["0.3183","71751.3451","0","18"],["0.3182","10507.8841","0","4"],["0.3181","34516.0762","0","12"]],"instId":"ADA-USDT","ts":"1722881003009","seqId":6953643019}]}
{"arg":{"channel":"books5","instId":"ADA-USDT"},"data":[{"asks":[["0.3187","9283.1083","0","6"],["0.3188","17462.6794","0","11"],["0.3189","35367.0432","0","11"],["0.319","11298.415","0","9"],["0.3191","19066.631","0","14"]],"bids":[["0.3185","14256.7045","0","8"],["0.3184","27809.9367","0","16"],["0.3183","71751.3451","0","18"],["0.3182","10507.8841","0","4"],["0.3181","34516.0762","0","12"]],"instId":"ADA-USDT","ts":"1722881003109","seqId":6953643022}]}
{"arg":{"channel":"books5","instId":"ADA-USDT"},"data":[{"asks":[["0.3187","9283.1083","0","6"],["0.3188","16677.9965","0","10"],["0.3189","36934.3382","0","12"],["0.319","11298.415","0","9"],["0.3191","19066.631","0","14"]],"bids":[["0.3185","15825.5905","0","9"],["0.3184","27809.9367","0","16"],["0.3183","71751.3451","0","18"],["0.3182","10507.8841","0","4"],["0.3181","26663.479","0","11"]],"instId":"ADA-USDT","ts":"1722881003209","seqId":6953643036}]}
{"arg":{"channel":"books5","instId":"ADA-USDT"},"data":[{"asks":[["0.3187","9283.1083","0","6"],["0.3188","25649.8353","0","12"],["0.3189","36934.3382","0","12"],["0.319","10700.5862","0","8"],["0.3191","19066.631","0","14"]],"bids":[["0.3185","15825.5905","0","9"],["0.3184","24929.0042","0","15"],["0.3183","74632.2776","0","19"],["0.3182","10507.8841","0","4"],["0.3181","30256.9578","0","11"]],"instId":"ADA-USDT","ts":"1722881003309","seqId":6953643058}]}
{"arg":{"channel":"books5","instId":"ADA-USDT"},"data":[{"asks":[["0.3187","9283.1083","0","6"],["0.3188","24865.1524","0","11"],["0.3189","36934.3382","0","12"],["0.319","10700.5862","0","8"],["0.3191","19066.631","0","14"]],"bids":[["0.3185","15825.5905","0","9"],["0.3184","24929.0042","0","15"],["0.3183","86603.6578","0","20"],["0.3182","10507.8841","0","4"],["0.3181","30256.9578","0","11"]],"instId":"ADA-USDT","ts":"1722881003409","seqId":6953643066}]}
{"arg":{"channel":"books5","instId":"ADA-USDT"},"data":[{"asks":[["0.3187","9283.1083","0","6"],["0.3188","24865.1524","0","11"],["0.3189","36934.3382","0","12"],["0.319","11268.9529","0","9"],["0.3191","19066.631","0","14"]],"bids":[["0.3185","15825.5905","0","9"],["0.3184","24929.0042","0","15"],["0.3183","74632.2776","0","19"],["0.3182","10507.8841","0","4"],["0.3181","31277.7906","0","12"]],"instId":"ADA-USDT","ts":"1722881003509","seqId":6953643078}]}
{"arg":{"channel":"books5","instId":"ADA-USDT"},"data":[{"asks":[["0.3187","9283.1083","0","6"],["0.3188","24865.1524","0","11"],["0.3189","36934.3382","0","12"],["0.319","11268.9529","0","9"],["0.3191","19066.631","0","14"]],"bids":[["0.3185","18825.5905","0","10"],["0.3184","24929.0042","0","15"],["0.3183","74632.2776","0","19"],["0.3182","10507.8841","0","4"],["0.3181","31277.7906","0","12"]],"instId":"ADA-USDT","ts":"1722881003609","seqId":6953643086}]}
{"arg":{"channel":"books5","instId":"ADA-USDT"},"data":[{"asks":[["0.3187","14511.8791","0","7"],["0.3188","34403.9718","0","12"],["0.3189","36934.3382","0","12"],["0.319","11268.9529","0","9"],["0.3191","17250.843","0","13"]],"bids":[["0.3185","15825.5905","0","9"],["0.3184","24929.0042","0","15"],["0.3183","86603.6578","0","20"],["0.3182","10507.8841","0","4"],["0.3181","31277.7906","0","12"]],"instId":"ADA-USDT","ts":"1722881003709","seqId":6953643097}]}
{"arg":{"channel":"books5","instId":"ADA-USDT"},"data":[{"asks":[["0.3187","6502.2893","0","4"],["0.3188","21336.6841","0","9"],["0.3189","36934.3382","0","12"],["0.319","10700.5862","0","8"],["0.3191","17250.843","0","13"]],"bids":[["0.3186","5000","0","2"],["0.3185","15825.5905","0","9"],["0.3184","23164.2884","0","15"],["0.3183","89156.8213","0","21"],["0.3182","10507.8841","0","4"]],"instId":"ADA-USDT","ts":"1722881003909","seqId":6953643143}]}
{"arg":{"channel":"books5","instId":"ADA-USDT"},"data":[{"asks":[["0.3187","8795.1206","0","5"],["0.3188","21336.6841","0","9"],["0.3189","37572.468","0","13"],["0.319","10700.5862","0","8"],["0.3191","18012.5926","0","14"]],"bids":[["0.3185","15825.5905","0","9"],["0.3184","22375.8407","0","14"],["0.3183","89156.8213","0","21"],["0.3182","10507.8841","0","4"],["0.3181","31277.7906","0","12"]],"instId":"ADA-USDT","ts":"1722881004009","seqId":6953643154}]}
{"arg":{"channel":"books5","instId":"ADA-USDT"},"data":[{"asks":[["0.3187","11466.4737","0","6"],["0.3188","31575.5035","0","11"],["0.3189","37572.468","0","13"],["0.319","11185.8657","0","9"],["0.3191","17250.843","0","13"]],"bids":[["0.3185","15825.5905","0","9"],["0.3184","22375.8407","0","14"],["0.3183","89156.8213","0","21"],["0.3182","10507.8841","0","4"],["0.3181","31277.7906","0","12"]],"instId":"ADA-USDT","ts":"1722881004109","seqId":6953643164}]}
{"arg":{"channel":"books5","instId":"ADA-USDT"},"data":[{"asks":[["0.3187","7940.1769","0","4"],["0.3188","31575.5035","0","11"],["0.3189","37572.468","0","13"],["0.319","10700.5862","0","8"],["0.3191","17250.843","0","13"]],"bids":[["0.3186","2500","0","1"],["0.3185","15825.5905","0","9"],["0.3184","22375.8407","0","14"],["0.3183","77185.4411","0","20"],["0.3182","23222.6418","0","5"]],"instId":"ADA-USDT","ts":"1722881004209","seqId":6953643180}]}
{"arg":{"channel":"books5","instId":"ADA-USDT"},"data":[{"asks":[["0.3187","9733.6185","0","5"],["0.3188","31575.5035","0","11"],["0.3189","37572.468","0","13"],["0.319","10700.5862","0","8"],["0.3191","17250.843","0","13"]],"bids":[["0.3185","15825.5905","0","9"],["0.3184","22375.8407","0","14"],["0.3183","77185.4411","0","20"],["0.3182","23222.6418","0","5"],["0.3181","31277.7906","0","12"]],"instId":"ADA-USDT","ts":"1722881004309","seqId":6953643190}]}
{"arg":{"channel":"books5","instId":"ADA-USDT"},"data":[{"asks":[["0.3186","3187.8066","0","2"],["0.3187","19727.307","0","9"],["0.3188","32360.1864","0","12"],["0.3189","37572.468","0","13"],["0.319","10078.9282","0","8"]],"bids":[["0.3185","15795.5905","0","7"],["0.3184","22375.8407","0","14"],["0.3183","77185.4411","0","20"],["0.3182","2530","0","3"],["0.3181","30256.9578","0","11"]],"instId":"ADA-USDT","ts":"1722881004409","seqId":6953643226}]}
{"arg":{"channel":"books5","instId":"ADA-USDT"},"data":[{"asks":[["0.3186","5000","0","2"],["0.3187","19727.307","0","9"],["0.3188","32360.1864","0","12"],["0.3189","37572.468","0","13"],["0.319","10078.9282","0","8"]],"bids":[["0.3185","16406.1574","0","8"],["0.3184","16751.1035","0","13"],["0.3183","66482.6871","0","18"],["0.3182","18072.6852","0","4"],["0.3181","44175.9701","0","14"]],"instId":"ADA-USDT","ts":"1722881004509","seqId":6953643253}]}
{"arg":{"channel":"books5","instId":"ADA-USDT"},"data":[{"asks":[["0.3186","5000","0","2"],["0.3187","19727.307","0","9"],["0.3188","32360.1864","0","12"],["0.3189","37572.468","0","13"],["0.319","10078.9282","0","8"]],"bids":[["0.3185","16406.1574","0","8"],["0.3184","16751.1035","0","13"],["0.3183","66482.6871","0","18"],["0.3182","30787.4429","0","5"],["0.3181","30494.1509","0","12"]],"instId":"ADA-USDT","ts":"1722881004609","seqId":6953643260}]}
{"arg":{"channel":"books5","instId":"ADA-USDT"},"data":[{"asks":[["0.3186","5000","0","2"],["0.3187","13099.7737","0","7"],["0.3188","22821.367","0","11"],["0.3189","37572.468","0","13"],["0.319","10179.4647","0","8"]],"bids":[["0.3185","3742.1272","0","4"],["0.3184","14396.9314","0","11"],["0.3183","54614.9942","0","16"],["0.3182","26801.1535","0","5"],["0.3181","30494.1509","0","12"]],"instId":"ADA-USDT","ts":"1722881004709","seqId":6953643284}]}
{"arg":{"channel":"books5","instId":"ADA-USDT"},"data":[{"asks":[["0.3186","5647.3456","0","3"],["0.3187","12452.4281","0","6"],["0.3188","24389.0622","0","12"],["0.3189","36005.173","0","12"],["0.319","15658.2592","0","8"]],"bids":[["0.3185","752.1546","0","1"],["0.3184","14577.0109","0","11"],["0.3183","52254.7844","0","15"],["0.3182","29611.5796","0","8"],["0.3181","31543.531","0","11"]],"instId":"ADA-USDT","ts":"1722881004809","seqId":6953643320}]}
{"arg":{"channel":"books5","instId":"ADA-USDT"},"data":[{"asks":[["0.3186","5000","0","2"],["0.3187","12452.4281","0","6"],["0.3188","24389.0622","0","12"],["0.3189","36005.173","0","12"],["0.319","15658.2592","0","8"]],"bids":[["0.3185","6464.3807","0","4"],["0.3184","13986.9011","0","10"],["0.3183","52844.8942","0","16"],["0.3182","42326.3373","0","9"],["0.3181","31543.531","0","11"]],"instId":"ADA-USDT","ts":"1722881004909","seqId":6953643346}]}
{"arg":{"channel":"books5","instId":"ADA-USDT"},"data":[{"asks":[["0.3186","5000","0","2"],["0.3187","13099.7737","0","7"],["0.3188","24389.0622","0","12"],["0.3189","36005.173","0","12"],["0.319","16296.7384","0","9"]],"bids":[["0.3185","7185.4673","0","5"],["0.3184","13265.8145","0","9"],["0.3183","52844.8942","0","16"],["0.3182","42326.3373","0","9"],["0.3181","32344.739","0","12"]],"instId":"ADA-USDT","ts":"1722881005009","seqId":6953643353}]}
{"arg":{"channel":"books5","instId":"ADA-USDT"},"data":[{"asks":[["0.3186","5647.3456","0","3"],["0.3187","12452.4281","0","6"],["0.3188","24389.0622","0","12"],["0.3189","36005.173","0","12"],["0.319","16318.7434","0","9"]],"bids":[["0.3185","7134.4673","0","5"],["0.3184","13265.8145","0","9"],["0.3183","52844.8942","0","16"],["0.3182","42326.3373","0","9"],["0.3181","31543.531","0","11"]],"instId":"ADA-USDT","ts":"1722881005109","seqId":6953643368}]}
{"arg":{"channel":"books5","instId":"ADA-USDT"},"data":[{"asks":[["0.3186","5647.3456","0","3"],["0.3187","18272.2088","0","7"],["0.3188","33927.8816","0","13"],["0.3189","36005.173","0","12"],["0.319","9630.9612","0","7"]],"bids":[["0.3185","701.1546","0","1"],["0.3184","13986.9011","0","10"],["0.3183","52844.8942","0","16"],["0.3182","42326.3373","0","9"],["0.3181","31543.531","0","11"]],"instId":"ADA-USDT","ts":"1722881005209","seqId":6953643382}]}
{"arg":{"channel":"books5","instId":"ADA-USDT"},"data":[{"asks":[["0.3186","5647.3456","0","3"],["0.3187","18272.2088","0","7"],["0.3188","33927.8816","0","13"],["0.3189","36005.173","0","12"],["0.319","9630.9612","0","7"]],"bids":[["0.3185","6413.3807","0","4"],["0.3184","13986.9011","0","10"],["0.3183","50272.8263","0","15"],["0.3182","42326.3373","0","9"],["0.3181","31543.531","0","11"]],"instId":"ADA-USDT","ts":"1722881005309","seqId":6953643394}]}
{"arg":{"channel":"books5","instId":"ADA-USDT"},"data":[{"asks":[["0.3186","2500","0","1"],["0.3187","13099.7737","0","7"],["0.3188","24389.0622","0","12"],["0.3189","36005.173","0","12"],["0.319","10250.1073","0","8"]],"bids":[["0.3185","7134.4673","0","5"],["0.3184","13265.8145","0","9"],["0.3183","50272.8263","0","15"],["0.3182","42326.3373","0","9"],["0.3181","31543.531","0","11"]],"instId":"ADA-USDT","ts":"1722881005409","seqId":6953643410}]}
{"arg":{"channel":"books5","instId":"ADA-USDT"},"data":[{"asks":[["0.3187","5000","0","2"],["0.3188","23274.1395","0","12"],["0.3189","46905.1382","0","14"],["0.319","9630.9612","0","7"],["0.3191","31323.9738","0","15"]],"bids":[["0.3185","14109.789","0","8"],["0.3184","22033.6152","0","10"],["0.3183","47137.3712","0","16"],["0.3182","36698.9723","0","10"],["0.3181","28402.2276","0","10"]],"instId":"ADA-USDT","ts":"1722881005509","seqId":6953643455}]}
{"arg":{"channel":"books5","instId":"ADA-USDT"},"data":[{"asks":[["0.3187","8620.4589","0","6"],["0.3188","22626.7939","0","11"],["0.3189","46521.116","0","13"],["0.319","9630.9612","0","7"],["0.3191","31323.9738","0","15"]],"bids":[["0.3185","14109.789","0","8"],["0.3184","22033.6152","0","10"],["0.3183","47137.3712","0","16"],["0.3182","37001.5511","0","10"],["0.3181","29311.8152","0","11"]],"instId":"ADA-USDT","ts":"1722881005609","seqId":6953643474}]}
{"arg":{"channel":"books5","instId":"ADA-USDT"},"data":[{"asks":[["0.3187","6988.4326","0","5"],["0.3188","22626.7939","0","11"],["0.3189","36982.2966","0","12"],["0.319","9630.9612","0","7"],["0.3191","31323.9738","0","15"]],"bids":[["0.3185","14109.789","0","8"],["0.3184","22043.6152","0","11"],["0.3183","47137.3712","0","16"],["0.3182","23974.2146","0","8"],["0.3181","29311.8152","0","11"]],"instId":"ADA-USDT","ts":"1722881005709","seqId":6953643497}]}
{"arg":{"channel":"books5","instId":"ADA-USDT"},"data":[{"asks":[["0.3187","9449.2356","0","7"],["0.3188","23411.4768","0","12"],["0.3189","36982.2966","0","12"],["0.319","9630.9612","0","7"],["0.3191","32754.3651","0","16"]],"bids":[["0.3185","14109.789","0","8"],["0.3184","11914.0394","0","9"],["0.3183","53912.4487","0","17"],["0.3182","25966.7448","0","8"],["0.3181","29764.1952","0","11"]],"instId":"ADA-USDT","ts":"1722881005809","seqId":6953643514}]}
{"arg":{"channel":"books5","instId":"ADA-USDT"},"data":[{"asks":[["0.3187","16311.8828","0","9"],["0.3188","32012.8693","0","12"],["0.3189","36982.2966","0","12"],["0.319","10238.6922","0","8"],["0.3191","31323.9738","0","15"]],"bids":[["0.3185","14096.789","0","8"],["0.3184","21317.4544","0","10"],["0.3183","53912.4487","0","17"],["0.3182","30942.6342","0","9"],["0.3181","30513.45","0","12"]],"instId":"ADA-USDT","ts":"1722881005909","seqId":6953643535}]}
{"arg":{"channel":"books5","instId":"ADA-USDT"},"data":[{"asks":[["0.3187","12449.2356","0","8"],["0.3188","22626.7939","0","11"],["0.3189","36982.2966","0","12"],["0.319","10238.6922","0","8"],["0.3191","31323.9738","0","15"]],"bids":[["0.3185","14096.789","0","8"],["0.3184","21317.4544","0","10"],["0.3183","53912.4487","0","17"],["0.3182","17925.2977","0","8"],["0.3181","30513.45","0","12"]],"instId":"ADA-USDT","ts":"1722881006009","seqId":6953643547}]}
{"arg":{"channel":"books5","instId":"ADA-USDT"},"data":[{"asks":[["0.3187","9449.2356","0","7"],["0.3188","22626.7939","0","11"],["0.3189","36982.2966","0","12"],["0.319","10169.313","0","8"],["0.3191","31323.9738","0","15"]],"bids":[["0.3186","2500","0","1"],["0.3185","13384.5629","0","7"],["0.3184","22106.0258","0","11"],["0.3183","53912.4487","0","17"],["0.3182","17925.2977","0","8"]],"instId":"ADA-USDT","ts":"1722881006109","seqId":6953643562}]}
{"arg":{"channel":"books5","instId":"ADA-USDT"},"data":[{"asks":[["0.3187","7727.6134","0","6"],["0.3188","22626.7939","0","11"],["0.3189","36982.2966","0","12"],["0.319","9630.9612","0","7"],["0.3191","31323.9738","0","15"]],"bids":[["0.3186","2500","0","1"],["0.3185","13384.5629","0","7"],["0.3184","22106.0258","0","11"],["0.3183","53912.4487","0","17"],["0.3182","17925.2977","0","8"]],"instId":"ADA-USDT","ts":"1722881006209","seqId":6953643567}]}
{"arg":{"channel":"books5","instId":"ADA-USDT"},"data":[{"asks":[["0.3186","2500","0","1"],["0.3187","12441.841","0","8"],["0.3188","22626.7939","0","11"],["0.3189","36982.2966","0","12"],["0.319","10108.615","0","8"]],"bids":[["0.3185","13384.5629","0","7"],["0.3184","21317.4544","0","10"],["0.3183","53912.4487","0","17"],["0.3182","17925.2977","0","8"],["0.3181","30513.45","0","12"]],"instId":"ADA-USDT","ts":"1722881006309","seqId":6953643581}]}
{"arg":{"channel":"books5","instId":"ADA-USDT"},"data":[{"asks":[["0.3187","10356.937","0","6"],["0.3188","22626.7939","0","11"],["0.3189","36982.2966","0","12"],["0.319","10108.615","0","8"],["0.3191","31323.9738","0","15"]],"bids":[["0.3186","53.5945","0","1"],["0.3185","14096.789","0","8"],["0.3184","22105.7784","0","11"],["0.3183","53912.4487","0","17"],["0.3182","17925.2977","0","8"]],"instId":"ADA-USDT","ts":"1722881006409","seqId":6953643595}]}
{"arg":{"channel":"books5","instId":"ADA-USDT"},"data":[{"asks":[["0.3187","17616.8658","0","9"],["0.3188","32012.8693","0","12"],["0.3189","36982.2966","0","12"],["0.319","10108.615","0","8"],["0.3191","31323.9738","0","15"]],"bids":[["0.3185","13384.5629","0","7"],["0.3184","22105.7784","0","11"],["0.3183","28835.2487","0","16"],["0.3182","56460.8461","0","10"],["0.3181","30513.45","0","12"]],"instId":"ADA-USDT","ts":"1722881006509","seqId":6953643609}]}
{"arg":{"channel":"books5","instId":"ADA-USDT"},"data":[{"asks":[["0.3187","17616.8658","0","9"],["0.3188","32012.8693","0","12"],["0.3189","36982.2966","0","12"],["0.319","10108.615","0","8"],["0.3191","33731.842","0","16"]],"bids":[["0.3185","22113.0312","0","8"],["0.3184","21317.4544","0","10"],["0.3183","28835.2487","0","16"],["0.3182","64316.799","0","10"],["0.3181","30702.3646","0","13"]],"instId":"ADA-USDT","ts":"1722881006609","seqId":6953643624}]}
{"arg":{"channel":"books5","instId":"ADA-USDT"},"data":[{"asks":[["0.3187","14069.1631","0","8"],["0.3188","22626.7939","0","11"],["0.3189","36982.2966","0","12"],["0.319","10108.615","0","8"],["0.3191","33731.842","0","16"]],"bids":[["0.3185","22113.0312","0","8"],["0.3184","21317.4544","0","10"],["0.3183","28835.2487","0","16"],["0.3182","50868.0506","0","9"],["0.3181","30702.3646","0","13"]],"instId":"ADA-USDT","ts":"1722881006709","seqId":6953643637}]}
{"arg":{"channel":"books5","instId":"ADA-USDT"},"data":[{"asks":[["0.3187","14069.1631","0","8"],["0.3188","22626.7939","0","11"],["0.3189","36982.2966","0","12"],["0.319","18848.7499","0","9"],["0.3191","27704.5438","0","15"]],"bids":[["0.3185","22113.0312","0","8"],["0.3184","21317.4544","0","10"],["0.3183","28835.2487","0","16"],["0.3182","64866.4987","0","10"],["0.3181","30702.3646","0","13"]],"instId":"ADA-USDT","ts":"1722881006809","seqId":6953643644}]}
{"arg":{"channel":"books5","instId":"ADA-USDT"},"data":[{"asks":[["0.3186","2500","0","1"],["0.3187","18478.2992","0","9"],["0.3188","32035.9663","0","12"],["0.3189","36982.2966","0","12"],["0.319","10108.615","0","8"]],"bids":[["0.3185","19613.0312","0","7"],["0.3184","21317.4544","0","10"],["0.3183","28835.2487","0","16"],["0.3182","50868.0506","0","9"],["0.3181","30702.3646","0","13"]],"instId":"ADA-USDT","ts":"1722881006909","seqId":6953643654}]}
{"arg":{"channel":"books5","instId":"ADA-USDT"},"data":[{"asks":[["0.3186","6897.9378","0","5"],["0.3187","21852.1667","0","10"],["0.3188","33603.786","0","13"],["0.3189","35883.684","0","12"],["0.319","4832.1372","0","6"]],"bids":[["0.3184","15125.0373","0","10"],["0.3183","37560.692","0","16"],["0.3182","43687.0447","0","9"],["0.3181","29953.1098","0","12"],["0.318","41482.9349","0","13"]],"instId":"ADA-USDT","ts":"1722881007009","seqId":6953643705}]}
{"arg":{"channel":"books5","instId":"ADA-USDT"},"data":[{"asks":[["0.3186","6897.9378","0","5"],["0.3187","21852.1667","0","10"],["0.3188","33603.786","0","13"],["0.3189","35415.0632","0","11"],["0.319","6996.2491","0","7"]],"bids":[["0.3184","15125.0373","0","10"],["0.3183","37560.692","0","16"],["0.3182","45260.298","0","11"],["0.3181","22354.5292","0","11"],["0.318","41482.9349","0","13"]],"instId":"ADA-USDT","ts":"1722881007109","seqId":6953643720}]}
{"arg":{"channel":"books5","instId":"ADA-USDT"},"data":[{"asks":[["0.3186","5617.9036","0","5"],["0.3187","21852.1667","0","10"],["0.3188","33603.786","0","13"],["0.3189","35981.0719","0","12"],["0.319","6996.2491","0","7"]],"bids":[["0.3184","15125.0373","0","10"],["0.3183","37560.692","0","16"],["0.3182","59258.7461","0","12"],["0.3181","22354.5292","0","11"],["0.318","41482.9349","0","13"]],"instId":"ADA-USDT","ts":"1722881007209","seqId":6953643729}]}
{"arg":{"channel":"books5","instId":"ADA-USDT"},"data":[{"asks":[["0.3186","5617.9036","0","5"],["0.3187","21852.1667","0","10"],["0.3188","33603.786","0","13"],["0.3189","35415.0632","0","11"],["0.319","6996.2491","0","7"]],"bids":[["0.3184","15125.0373","0","10"],["0.3183","37560.692","0","16"],["0.3182","59258.7461","0","12"],["0.3181","22354.5292","0","11"],["0.318","41482.9349","0","13"]],"instId":"ADA-USDT","ts":"1722881007309","seqId":6953643730}]}
{"arg":{"channel":"books5","instId":"ADA-USDT"},"data":[{"asks":[["0.3186","6773.0434","0","6"],["0.3187","21852.1667","0","10"],["0.3188","33603.786","0","13"],["0.3189","36077.2049","0","12"],["0.319","6996.2491","0","7"]],"bids":[["0.3184","15125.0373","0","10"],["0.3183","37560.692","0","16"],["0.3182","59258.7461","0","12"],["0.3181","22165.6146","0","10"],["0.318","41294.0203","0","12"]],"instId":"ADA-USDT","ts":"1722881007409","seqId":6953643735}]}
{"arg":{"channel":"books5","instId":"ADA-USDT"},"data":[{"asks":[["0.3186","11461.0802","0","8"],["0.3187","32744.792","0","13"],["0.3188","24950.3202","0","13"],["0.3189","35294.7996","0","11"],["0.319","14737.7019","0","9"]],"bids":[["0.3184","15125.0373","0","10"],["0.3183","30543.4557","0","13"],["0.3182","48141.2305","0","12"],["0.3181","17558.5072","0","9"],["0.318","43076.6948","0","11"]],"instId":"ADA-USDT","ts":"1722881007509","seqId":6953643804}]}
{"arg":{"channel":"books5","instId":"ADA-USDT"},"data":[{"asks":[["0.3186","11461.0802","0","8"],["0.3187","18927.9599","0","11"],["0.3188","24950.3202","0","13"],["0.3189","34659.3566","0","10"],["0.319","14737.7019","0","9"]],"bids":[["0.3184","8069.3611","0","9"],["0.3183","30543.4557","0","13"],["0.3182","48141.2305","0","12"],["0.3181","17558.5072","0","9"],["0.318","41803.0115","0","10"]],"instId":"ADA-USDT","ts":"1722881007609","seqId":6953643824}]}
{"arg":{"channel":"books5","instId":"ADA-USDT"},"data":[{"asks":[["0.3186","11461.0802","0","8"],["0.3187","18927.9599","0","11"],["0.3188","25378.6088","0","14"],["0.3189","34659.3566","0","10"],["0.319","14737.7019","0","9"]],"bids":[["0.3184","8069.3611","0","9"],["0.3183","21215.2147","0","11"],["0.3182","50694.394","0","13"],["0.3181","17558.5072","0","9"],["0.318","47216.1216","0","11"]],"instId":"ADA-USDT","ts":"1722881007709","seqId":6953643835}]}
{"arg":{"channel":"books5","instId":"ADA-USDT"},"data":[{"asks":[["0.3185","15262.4153","0","9"],["0.3186","13602.262","0","11"],["0.3187","15111.506","0","12"],["0.3188","21828.6086","0","11"],["0.3189","40636.0863","0","12"]],"bids":[["0.3184","48.7509","0","2"],["0.3183","5521.0856","0","6"],["0.3182","51294.5038","0","15"],["0.3181","26986.9755","0","11"],["0.318","45646.2292","0","10"]],"instId":"ADA-USDT","ts":"1722881007809","seqId":6953643910}]}
{"arg":{"channel":"books5","instId":"ADA-USDT"},"data":[{"asks":[["0.3185","9756.1039","0","8"],["0.3186","13602.262","0","11"],["0.3187","15111.506","0","12"],["0.3188","21828.6086","0","11"],["0.3189","40636.0863","0","12"]],"bids":[["0.3184","2548.7509","0","3"],["0.3183","5521.0856","0","6"],["0.3182","51294.5038","0","15"],["0.3181","43486.5227","0","13"],["0.318","39850.3118","0","9"]],"instId":"ADA-USDT","ts":"1722881007909","seqId":6953643922}]}
{"arg":{"channel":"books5","instId":"ADA-USDT"},"data":[{"asks":[["0.3185","9499.2669","0","7"],["0.3186","12902.262","0","10"],["0.3187","15111.506","0","12"],["0.3188","21062.7051","0","10"],["0.3189","43770.6486","0","13"]],"bids":[["0.3184","5760.977","0","5"],["0.3183","5521.0856","0","6"],["0.3182","48413.5713","0","14"],["0.3181","46367.4552","0","14"],["0.318","39850.3118","0","9"]],"instId":"ADA-USDT","ts":"1722881008009","seqId":6953643937}]}
{"arg":{"channel":"books5","instId":"ADA-USDT"},"data":[{"asks":[["0.3185","9499.2669","0","7"],["0.3186","17547.8032","0","11"],["0.3187","15111.506","0","12"],["0.3188","21062.7051","0","10"],["0.3189","43770.6486","0","13"]],"bids":[["0.3184","5760.977","0","5"],["0.3183","5521.0856","0","6"],["0.3182","23326.7713","0","13"],["0.3181","45767.4552","0","13"],["0.318","64937.1118","0","10"]],"instId":"ADA-USDT","ts":"1722881008109","seqId":6953643951}]}
{"arg":{"channel":"books5","instId":"ADA-USDT"},"data":[{"asks":[["0.3185","9499.2669","0","7"],["0.3186","17547.8032","0","11"],["0.3187","24519.202","0","13"],["0.3188","21869.2417","0","11"],["0.3189","43770.6486","0","13"]],"bids":[["0.3184","5760.977","0","5"],["0.3183","5521.0856","0","6"],["0.3182","23326.7713","0","13"],["0.3181","31852.2347","0","12"],["0.318","64937.1118","0","10"]],"instId":"ADA-USDT","ts":"1722881008209","seqId":6953643958}]}
{"arg":{"channel":"books5","instId":"ADA-USDT"},"data":[{"asks":[["0.3185","9689.1838","0","7"],["0.3186","17547.8032","0","11"],["0.3187","24519.202","0","13"],["0.3188","21062.7051","0","10"],["0.3189","44687.4511","0","14"]],"bids":[["0.3184","5760.977","0","5"],["0.3183","5521.0856","0","6"],["0.3182","23326.7713","0","13"],["0.3181","31862.2347","0","13"],["0.318","64937.1118","0","10"]],"instId":"ADA-USDT","ts":"1722881008309","seqId":6953643966}]}
{"arg":{"channel":"books5","instId":"ADA-USDT"},"data":[{"asks":[["0.3185","2553.5945","0","2"],["0.3186","18195.1488","0","12"],["0.3187","24519.202","0","13"],["0.3188","21062.7051","0","10"],["0.3189","43770.6486","0","13"]],"bids":[["0.3184","6482.0636","0","6"],["0.3183","4799.999","0","5"],["0.3182","23326.7713","0","13"],["0.3181","45777.4552","0","14"],["0.318","64937.1118","0","10"]],"instId":"ADA-USDT","ts":"1722881008409","seqId":6953643984}]}
{"arg":{"channel":"books5","instId":"ADA-USDT"},"data":[{"asks":[["0.3185","5053.5945","0","3"],["0.3186","18247.8032","0","12"],["0.3187","21519.202","0","12"],["0.3188","21062.7051","0","10"],["0.3189","43770.6486","0","13"]],"bids":[["0.3184","48.7509","0","2"],["0.3183","5521.0856","0","6"],["0.3182","23326.7713","0","13"],["0.3181","31862.2347","0","13"],["0.318","64937.1118","0","10"]],"instId":"ADA-USDT","ts":"1722881008509","seqId":6953644007}]}
{"arg":{"channel":"books5","instId":"ADA-USDT"},"data":[{"asks":[["0.3186","17547.8032","0","11"],["0.3187","21519.202","0","12"],["0.3188","21856.1167","0","11"],["0.3189","43770.6486","0","13"],["0.319","23887.7019","0","11"]],"bids":[["0.3184","5760.977","0","5"],["0.3183","11642.8624","0","7"],["0.3182","23326.7713","0","13"],["0.3181","31862.2347","0","13"],["0.318","61977.8351","0","10"]],"instId":"ADA-USDT","ts":"1722881008609","seqId":6953644030}]}
{"arg":{"channel":"books5","instId":"ADA-USDT"},"data":[{"asks":[["0.3185","2553.5945","0","2"],["0.3186","18165.1488","0","10"],["0.3187","14466.294","0","13"],["0.3188","21062.7051","0","10"],["0.3189","43770.6486","0","13"]],"bids":[["0.3184","6482.0636","0","6"],["0.3183","10921.7758","0","6"],["0.3182","23326.7713","0","13"],["0.3181","45777.4552","0","14"],["0.318","61977.8351","0","10"]],"instId":"ADA-USDT","ts":"1722881008709","seqId":6953644050}]}
{"arg":{"channel":"books5","instId":"ADA-USDT"},"data":[{"asks":[["0.3185","2553.5945","0","2"],["0.3186","18165.1488","0","10"],["0.3187","23676.9957","0","14"],["0.3188","21062.7051","0","10"],["0.3189","44687.8441","0","14"]],"bids":[["0.3184","6482.0636","0","6"],["0.3183","10921.7758","0","6"],["0.3182","23326.7713","0","13"],["0.3181","45777.4552","0","14"],["0.318","62653.7042","0","11"]],"instId":"ADA-USDT","ts":"1722881008809","seqId":6953644057}]}
{"arg":{"channel":"books5","instId":"ADA-USDT"},"data":[{"asks":[["0.3185","2553.5945","0","2"],["0.3186","18165.1488","0","10"],["0.3187","23676.9957","0","14"],["0.3188","21062.7051","0","10"],["0.3189","43770.6486","0","13"]],"bids":[["0.3184","6482.0636","0","6"],["0.3183","10921.7758","0","6"],["0.3182","23326.7713","0","13"],["0.3181","45777.4552","0","14"],["0.318","61977.8351","0","10"]],"instId":"ADA-USDT","ts":"1722881008909","seqId":6953644061}]}
{"arg":{"channel":"books5","instId":"ADA-USDT"},"data":[{"asks":[["0.3186","10676.431","0","7"],["0.3187","7173.143","0","8"],["0.3188","21062.7051","0","10"],["0.3189","43770.6486","0","13"],["0.319","26728.7975","0","13"]],"bids":[["0.3184","8751.697","0","8"],["0.3183","13295.1821","0","7"],["0.3182","23326.7713","0","13"],["0.3181","48231.2888","0","15"],["0.318","59524.0017","0","9"]],"instId":"ADA-USDT","ts":"1722881009009","seqId":6953644096}]}
{"arg":{"channel":"books5","instId":"ADA-USDT"},"data":[{"asks":[["0.3186","7086.3212","0","5"],["0.3187","8548.1821","0","10"],["0.3188","34255.8383","0","11"],["0.3189","46166.3383","0","15"],["0.319","25651.2207","0","12"]],"bids":[["0.3184","8751.697","0","8"],["0.3183","13295.1821","0","7"],["0.3182","23326.7713","0","13"],["0.3181","48231.2888","0","15"],["0.318","60214.8708","0","10"]],"instId":"ADA-USDT","ts":"1722881009109","seqId":6953644113}]}
{"arg":{"channel":"books5","instId":"ADA-USDT"},"data":[{"asks":[["0.3186","7086.3212","0","5"],["0.3187","7763.2528","0","9"],["0.3188","34255.8383","0","11"],["0.3189","46166.3383","0","15"],["0.319","25651.2207","0","12"]],"bids":[["0.3184","8751.697","0","8"],["0.3183","13295.1821","0","7"],["0.3182","23326.7713","0","13"],["0.3181","48231.2888","0","15"],["0.318","60214.8708","0","10"]],"instId":"ADA-USDT","ts":"1722881009209","seqId":6953644117}]}
{"arg":{"channel":"books5","instId":"ADA-USDT"},"data":[{"asks":[["0.3186","7086.3212","0","5"],["0.3187","12626.4503","0","12"],["0.3188","34255.8383","0","11"],["0.3189","43998.0792","0","13"],["0.319","24833.5202","0","11"]],"bids":[["0.3184","8751.697","0","8"],["0.3183","13295.1821","0","7"],["0.3182","23326.7713","0","13"],["0.3181","48231.2888","0","15"],["0.318","59524.0017","0","9"]],"instId":"ADA-USDT","ts":"1722881009309","seqId":6953644129}]}
{"arg":{"channel":"books5","instId":"ADA-USDT"},"data":[{"asks":[["0.3186","7676.431","0","6"],["0.3187","12036.3405","0","11"],["0.3188","34255.8383","0","11"],["0.3189","43998.0792","0","13"],["0.319","24833.5202","0","11"]],"bids":[["0.3184","8751.697","0","8"],["0.3183","13295.1821","0","7"],["0.3182","23326.7713","0","13"],["0.3181","48231.2888","0","15"],["0.318","59524.0017","0","9"]],"instId":"ADA-USDT","ts":"1722881009409","seqId":6953644137}]}
{"arg":{"channel":"books5","instId":"ADA-USDT"},"data":[{"asks":[["0.3185","5700.9401","0","4"],["0.3186","17069.9428","0","7"],["0.3187","21017.5502","0","12"],["0.3188","19709.8938","0","9"],["0.3189","41372.8306","0","12"]],"bids":[["0.3184","760.977","0","3"],["0.3183","10804.9649","0","7"],["0.3182","23326.7713","0","13"],["0.3181","34316.0683","0","14"],["0.318","59524.0017","0","9"]],"instId":"ADA-USDT","ts":"1722881009509","seqId":6953644163}]}
{"arg":{"channel":"books5","instId":"ADA-USDT"},"data":[{"asks":[["0.3185","5053.5945","0","3"],["0.3186","12514.7766","0","7"],["0.3187","12036.3405","0","11"],["0.3188","19709.8938","0","9"],["0.3189","42979.3226","0","13"]],"bids":[["0.3184","5760.977","0","5"],["0.3183","10804.9649","0","7"],["0.3182","23326.7713","0","13"],["0.3181","48219.7365","0","15"],["0.318","59524.0017","0","9"]],"instId":"ADA-USDT","ts":"1722881009609","seqId":6953644182}]}
{"arg":{"channel":"books5","instId":"ADA-USDT"},"data":[{"asks":[["0.3185","5053.5945","0","3"],["0.3186","12514.7766","0","7"],["0.3187","12036.3405","0","11"],["0.3188","19709.8938","0","9"],["0.3189","42035.4471","0","12"]],"bids":[["0.3184","6482.0636","0","6"],["0.3183","10083.8783","0","6"],["0.3182","23326.7713","0","13"],["0.3181","34316.0683","0","14"],["0.318","59524.0017","0","9"]],"instId":"ADA-USDT","ts":"1722881009709","seqId":6953644192}]}
{"arg":{"channel":"books5","instId":"ADA-USDT"},"data":[{"asks":[["0.3185","5053.5945","0","3"],["0.3186","12514.7766","0","7"],["0.3187","12036.3405","0","11"],["0.3188","20531.5968","0","10"],["0.3189","53636.6073","0","13"]],"bids":[["0.3184","6482.0636","0","6"],["0.3183","10083.8783","0","6"],["0.3182","23326.7713","0","13"],["0.3181","34316.0683","0","14"],["0.318","59524.0017","0","9"]],"instId":"ADA-USDT","ts":"1722881009809","seqId":6953644203}]}
{"arg":{"channel":"books5","instId":"ADA-USDT"},"data":[{"asks":[["0.3183","8053.5945","0","4"],["0.3184","17333.5567","0","7"],["0.3185","25759.3836","0","12"],["0.3186","34979.3581","0","9"],["0.3187","32059.1708","0","14"]],"bids":[["0.3182","5000","0","2"],["0.3181","8023.354","0","7"],["0.318","18452.1129","0","8"],["0.3179","33841.5962","0","12"],["0.3178","17644.808","0","10"]],"instId":"ADA-USDT","ts":"1722881009909","seqId":6953644451}]}
{"arg":{"channel":"books5","instId":"ADA-USDT"},"data":[{"asks":[["0.3183","5053.5945","0","3"],["0.3184","21161.9971","0","7"],["0.3185","25789.3836","0","14"],["0.3186","42662.9389","0","11"],["0.3187","18217.4561","0","11"]],"bids":[["0.3182","3933.3127","0","3"],["0.3181","7939.0273","0","7"],["0.318","19273.6056","0","8"],["0.3179","33950.7042","0","14"],["0.3178","22842.347","0","10"]],"instId":"ADA-USDT","ts":"1722881010009","seqId":6953644524}]}
{"arg":{"channel":"books5","instId":"ADA-USDT"},"data":[{"asks":[["0.3183","5053.5945","0","3"],["0.3184","21809.3427","0","8"],["0.3185","22142.038","0","12"],["0.3186","33558.6955","0","9"],["0.3187","19545.5859","0","13"]],"bids":[["0.3182","3933.3127","0","3"],["0.3181","12319.3407","0","7"],["0.318","19273.6056","0","8"],["0.3179","29570.3914","0","15"],["0.3178","36083.2961","0","11"]],"instId":"ADA-USDT","ts":"1722881010109","seqId":6953644554}]}
{"arg":{"channel":"books5","instId":"ADA-USDT"},"data":[{"asks":[["0.3183","5053.5945","0","3"],["0.3184","22496.7364","0","8"],["0.3185","30821.5829","0","13"],["0.3186","33558.6955","0","9"],["0.3187","19511.5787","0","13"]],"bids":[["0.3182","3933.3127","0","3"],["0.3181","14994.4653","0","8"],["0.318","15563.8112","0","8"],["0.3179","24684.6122","0","15"],["0.3178","36083.2961","0","11"]],"instId":"ADA-USDT","ts":"1722881010209","seqId":6953644578}]}
{"arg":{"channel":"books5","instId":"ADA-USDT"},"data":[{"asks":[["0.3182","5000","0","2"],["0.3183","8407.6252","0","7"],["0.3184","20079.3908","0","9"],["0.3185","34032.8867","0","14"],["0.3186","36576.7878","0","11"]],"bids":[["0.3181","6234.2102","0","7"],["0.318","5533.4402","0","6"],["0.3179","15470.2009","0","13"],["0.3178","38389.066","0","12"],["0.3177","38048.9907","0","11"]],"instId":"ADA-USDT","ts":"1722881010309","seqId":6953644681}]}
{"arg":{"channel":"books5","instId":"ADA-USDT"},"data":[{"asks":[["0.3182","5000","0","2"],["0.3183","12194.0559","0","8"],["0.3184","20079.3908","0","9"],["0.3185","34032.8867","0","14"],["0.3186","33470.1642","0","9"]],"bids":[["0.3181","5534.2102","0","6"],["0.318","22886.8564","0","6"],["0.3179","40564.1009","0","14"],["0.3178","32081.1113","0","13"],["0.3177","30740.7417","0","11"]],"instId":"ADA-USDT","ts":"1722881010409","seqId":6953644705}]}
{"arg":{"channel":"books5","instId":"ADA-USDT"},"data":[{"asks":[["0.3182","5647.3456","0","3"],["0.3183","15227.2192","0","11"],["0.3184","21649.3338","0","10"],["0.3185","19834.2731","0","12"],["0.3186","35714.164","0","8"]],"bids":[["0.318","18147.7618","0","9"],["0.3179","47482.1961","0","14"],["0.3178","29723.9798","0","13"],["0.3177","28090.7533","0","9"],["0.3176","32724.9526","0","9"]],"instId":"ADA-USDT","ts":"1722881010609","seqId":6953644777}]}
{"arg":{"channel":"books5","instId":"ADA-USDT"},"data":[{"asks":[["0.3182","5647.3456","0","3"],["0.3183","19430.9647","0","10"],["0.3184","27328.8787","0","10"],["0.3185","14572.4112","0","12"],["0.3186","34073.1557","0","8"]],"bids":[["0.318","18868.8484","0","10"],["0.3179","47482.1961","0","14"],["0.3178","30512.4713","0","14"],["0.3177","28090.7533","0","9"],["0.3176","45965.9017","0","10"]],"instId":"ADA-USDT","ts":"1722881010709","seqId":6953644802}]}
{"arg":{"channel":"books5","instId":"ADA-USDT"},"data":[{"asks":[["0.3183","9319.453","0","7"],["0.3184","13421.2736","0","8"],["0.3185","14572.4112","0","12"],["0.3186","34719.5974","0","9"],["0.3187","20276.4703","0","12"]],"bids":[["0.3181","9291.2085","0","6"],["0.318","16585.1132","0","8"],["0.3179","49195.6876","0","16"],["0.3178","31522.3057","0","15"],["0.3177","28090.7533","0","9"]],"instId":"ADA-USDT","ts":"1722881010809","seqId":6953644859}]}
{"arg":{"channel":"books5","instId":"ADA-USDT"},"data":[{"asks":[["0.3183","9319.453","0","7"],["0.3184","13421.2736","0","8"],["0.3185","14572.4112","0","12"],["0.3186","34073.1557","0","8"],["0.3187","20276.4703","0","12"]],"bids":[["0.3181","10012.2951","0","7"],["0.318","15864.0266","0","7"],["0.3179","49195.6876","0","16"],["0.3178","34103.5996","0","16"],["0.3177","29006.3629","0","10"]],"instId":"ADA-USDT","ts":"1722881010909","seqId":6953644876}]}
{"arg":{"channel":"books5","instId":"ADA-USDT"},"data":[{"asks":[["0.3183","9319.453","0","7"],["0.3184","13421.2736","0","8"],["0.3185","14572.4112","0","12"],["0.3186","34073.1557","0","8"],["0.3187","20966.4703","0","13"]],"bids":[["0.3181","11945.2466","0","8"],["0.318","15864.0266","0","7"],["0.3179","49195.6876","0","16"],["0.3178","45448.3568","0","16"],["0.3177","29006.3629","0","10"]],"instId":"ADA-USDT","ts":"1722881011009","seqId":6953644892}]}
{"arg":{"channel":"books5","instId":"ADA-USDT"},"data":[{"asks":[["0.3183","7190.2198","0","6"],["0.3184","19697.4973","0","9"],["0.3185","14572.4112","0","12"],["0.3186","34644.5947","0","9"],["0.3187","20276.4703","0","12"]],"bids":[["0.3181","11945.2466","0","8"],["0.318","15864.0266","0","7"],["0.3179","49195.6876","0","16"],["0.3178","45448.3568","0","16"],["0.3177","28090.7533","0","9"]],"instId":"ADA-USDT","ts":"1722881011109","seqId":6953644909}]}
{"arg":{"channel":"books5","instId":"ADA-USDT"},"data":[{"asks":[["0.3183","5000","0","2"],["0.3184","17027.1714","0","9"],["0.3185","16858.2014","0","15"],["0.3186","33081.7801","0","8"],["0.3187","21000.991","0","13"]],"bids":[["0.3182","9421.0866","0","5"],["0.3181","14127.9631","0","9"],["0.318","17373.8219","0","9"],["0.3179","45473.8134","0","15"],["0.3178","46985.4859","0","16"]],"instId":"ADA-USDT","ts":"1722881011209","seqId":6953645021}]}
{"arg":{"channel":"books5","instId":"ADA-USDT"},"data":[{"asks":[["0.3183","5000","0","2"],["0.3184","16314.9453","0","8"],["0.3185","16072.9023","0","14"],["0.3186","33081.7801","0","8"],["0.3187","20276.4703","0","12"]],"bids":[["0.3182","3933.3127","0","3"],["0.3181","14127.9631","0","9"],["0.318","17373.8219","0","9"],["0.3179","44685.3219","0","14"],["0.3178","46196.9944","0","15"]],"instId":"ADA-USDT","ts":"1722881011309","seqId":6953645043}]}
{"arg":{"channel":"books5","instId":"ADA-USDT"},"data":[{"asks":[["0.3183","5000","0","2"],["0.3184","16314.9453","0","8"],["0.3185","16072.9023","0","14"],["0.3186","33081.7801","0","8"],["0.3187","21028.6551","0","13"]],"bids":[["0.3182","3933.3127","0","3"],["0.3181","14127.9631","0","9"],["0.318","17373.8219","0","9"],["0.3179","44685.3219","0","14"],["0.3178","46196.9944","0","15"]],"instId":"ADA-USDT","ts":"1722881011409","seqId":6953645051}]}
{"arg":{"channel":"books5","instId":"ADA-USDT"},"data":[{"asks":[["0.3183","5000","0","2"],["0.3184","16314.9453","0","8"],["0.3185","16072.9023","0","14"],["0.3186","33081.7801","0","8"],["0.3187","21081.8531","0","13"]],"bids":[["0.3182","3933.3127","0","3"],["0.3181","14127.9631","0","9"],["0.318","17373.8219","0","9"],["0.3179","44685.3219","0","14"],["0.3178","46196.9944","0","15"]],"instId":"ADA-USDT","ts":"1722881011509","seqId":6953645058}]}
{"arg":{"channel":"books5","instId":"ADA-USDT"},"data":[{"asks":[["0.3183","5000","0","2"],["0.3184","24733.5779","0","9"],["0.3185","16072.9023","0","14"],["0.3186","33081.7801","0","8"],["0.3187","20276.4703","0","12"]],"bids":[["0.3182","6433.3127","0","4"],["0.3181","14127.9631","0","9"],["0.318","17373.8219","0","9"],["0.3179","44685.3219","0","14"],["0.3178","46196.9944","0","15"]],"instId":"ADA-USDT","ts":"1722881011609","seqId":6953645068}]}
{"arg":{"channel":"books5","instId":"ADA-USDT"},"data":[{"asks":[["0.3183","5000","0","2"],["0.3184","16314.9453","0","8"],["0.3185","16072.9023","0","14"],["0.3186","33081.7801","0","8"],["0.3187","20276.4703","0","12"]],"bids":[["0.3182","6433.3127","0","4"],["0.3181","14127.9631","0","9"],["0.318","17373.8219","0","9"],["0.3179","44685.3219","0","14"],["0.3178","33055.1308","0","14"]],"instId":"ADA-USDT","ts":"1722881011709","seqId":6953645080}]}
{"arg":{"channel":"books5","instId":"ADA-USDT"},"data":[{"asks":[["0.3183","53.5945","0","1"],["0.3184","16314.9453","0","8"],["0.3185","30362.0497","0","16"],["0.3186","33657.6649","0","9"],["0.3187","28195.8462","0","13"]],"bids":[["0.3182","6433.3127","0","4"],["0.3181","15865.7901","0","10"],["0.318","17373.8219","0","9"],["0.3179","42947.4946","0","14"],["0.3178","33055.1308","0","14"]],"instId":"ADA-USDT","ts":"1722881011809","seqId":6953645114}]}
{"arg":{"channel":"books5","instId":"ADA-USDT"},"data":[{"asks":[["0.3183","2553.5945","0","2"],["0.3184","16314.9453","0","8"],["0.3185","29576.7506","0","15"],["0.3186","33081.7801","0","8"],["0.3187","28195.8462","0","13"]],"bids":[["0.3182","6433.3127","0","4"],["0.3181","15865.7901","0","10"],["0.318","17373.8219","0","9"],["0.3179","56089.3582","0","15"],["0.3178","33055.1308","0","14"]],"instId":"ADA-USDT","ts":"1722881011909","seqId":6953645124}]}
{"arg":{"channel":"books5","instId":"ADA-USDT"},"data":[{"asks":[["0.3183","2553.5945","0","2"],["0.3184","24733.5779","0","9"],["0.3185","29576.7506","0","15"],["0.3186","33081.7801","0","8"],["0.3187","28901.4373","0","14"]],"bids":[["0.3182","6433.3127","0","4"],["0.3181","15865.7901","0","10"],["0.318","17373.8219","0","9"],["0.3179","56089.3582","0","15"],["0.3178","33055.1308","0","14"]],"instId":"ADA-USDT","ts":"1722881012009","seqId":6953645130}]}
{"arg":{"channel":"books5","instId":"ADA-USDT"},"data":[{"asks":[["0.3184","10702.1035","0","4"],["0.3185","24531.8129","0","12"],["0.3186","32064.8075","0","9"],["0.3187","23587.2948","0","12"],["0.3188","19953.0332","0","8"]],"bids":[["0.3183","7302.1917","0","5"],["0.3182","6871.2727","0","4"],["0.3181","14154.2816","0","10"],["0.318","17373.8219","0","9"],["0.3179","52684.8823","0","15"]],"instId":"ADA-USDT","ts":"1722881012109","seqId":6953645188}]}
{"arg":{"channel":"books5","instId":"ADA-USDT"},"data":[{"asks":[["0.3184","10702.1035","0","4"],["0.3185","24531.8129","0","12"],["0.3186","31512.9852","0","8"],["0.3187","21387.8354","0","11"],["0.3188","21836.7555","0","9"]],"bids":[["0.3183","721.0866","0","1"],["0.3182","9813.5223","0","5"],["0.3181","14154.2816","0","10"],["0.318","16641.7204","0","8"],["0.3179","52684.8823","0","15"]],"instId":"ADA-USDT","ts":"1722881012209","seqId":6953645209}]}
{"arg":{"channel":"books5","instId":"ADA-USDT"},"data":[{"asks":[["0.3184","12061.6752","0","6"],["0.3185","23884.4673","0","11"],["0.3186","31512.9852","0","8"],["0.3187","22048.5679","0","12"],["0.3188","21836.7555","0","9"]],"bids":[["0.3182","10534.6089","0","6"],["0.3181","14097.8916","0","10"],["0.318","16641.7204","0","8"],["0.3179","39543.0187","0","14"],["0.3178","37135.3356","0","15"]],"instId":"ADA-USDT","ts":"1722881012309","seqId":6953645228}]}
{"arg":{"channel":"books5","instId":"ADA-USDT"},"data":[{"asks":[["0.3184","12061.6752","0","6"],["0.3185","32521.3752","0","12"],["0.3186","31512.9852","0","8"],["0.3187","22048.5679","0","12"],["0.3188","21836.7555","0","9"]],"bids":[["0.3182","10534.6089","0","6"],["0.3181","14097.8916","0","10"],["0.318","16641.7204","0","8"],["0.3179","52206.3539","0","15"],["0.3178","37135.3356","0","15"]],"instId":"ADA-USDT","ts":"1722881012409","seqId":6953645233}]}
{"arg":{"channel":"books5","instId":"ADA-USDT"},"data":[{"asks":[["0.3184","8273.7083","0","5"],["0.3185","24531.8129","0","12"],["0.3186","31512.9852","0","8"],["0.3187","22048.5679","0","12"],["0.3188","17226.7555","0","8"]],"bids":[["0.3183","721.0866","0","1"],["0.3182","12813.5223","0","6"],["0.3181","14886.2592","0","11"],["0.318","16641.7204","0","8"],["0.3179","52206.3539","0","15"]],"instId":"ADA-USDT","ts":"1722881012509","seqId":6953645306}]}
{"arg":{"channel":"books5","instId":"ADA-USDT"},"data":[{"asks":[["0.3183","5000","0","2"],["0.3184","15739.5275","0","9"],["0.3185","32521.3752","0","12"],["0.3186","31512.9852","0","8"],["0.3187","22048.5679","0","12"]],"bids":[["0.3182","8003.9365","0","5"],["0.3181","14097.8916","0","10"],["0.318","16641.7204","0","8"],["0.3179","39543.0187","0","14"],["0.3178","51121.0681","0","16"]],"instId":"ADA-USDT","ts":"1722881012609","seqId":6953645377}]}
{"arg":{"channel":"books5","instId":"ADA-USDT"},"data":[{"asks":[["0.3183","5000","0","2"],["0.3184","15739.5275","0","9"],["0.3185","32521.3752","0","12"],["0.3186","31512.9852","0","8"],["0.3187","22048.5679","0","12"]],"bids":[["0.3182","5503.9365","0","4"],["0.3181","14097.8916","0","10"],["0.318","16641.7204","0","8"],["0.3179","39543.0187","0","14"],["0.3178","39368.5394","0","16"]],"instId":"ADA-USDT","ts":"1722881012709","seqId":6953645391}]}
{"arg":{"channel":"books5","instId":"ADA-USDT"},"data":[{"asks":[["0.3183","5478.4261","0","3"],["0.3184","15739.5275","0","9"],["0.3185","23884.4673","0","11"],["0.3186","31512.9852","0","8"],["0.3187","21387.8354","0","11"]],"bids":[["0.3182","7291.7104","0","4"],["0.3181","4432.1015","0","3"],["0.318","7239.7953","0","7"],["0.3179","39543.0187","0","14"],["0.3178","39368.0677","0","16"]],"instId":"ADA-USDT","ts":"1722881012809","seqId":6953645421}]}
{"arg":{"channel":"books5","instId":"ADA-USDT"},"data":[{"asks":[["0.3183","6818.6182","0","4"],["0.3184","20546.5677","0","12"],["0.3185","28665.2185","0","13"],["0.3186","29944.0228","0","7"],["0.3187","15346.3341","0","10"]],"bids":[["0.3181","8365.4142","0","6"],["0.318","13497.2505","0","7"],["0.3179","40331.3863","0","15"],["0.3178","38457.7329","0","15"],["0.3177","38219.5895","0","13"]],"instId":"ADA-USDT","ts":"1722881012909","seqId":6953645476}]}
{"arg":{"channel":"books5","instId":"ADA-USDT"},"data":[{"asks":[["0.3183","9468.5945","0","6"],["0.3184","20546.5677","0","12"],["0.3185","28665.2185","0","13"],["0.3186","30495.1043","0","8"],["0.3187","15346.3341","0","10"]],"bids":[["0.3181","8365.4142","0","6"],["0.318","3240","0","5"],["0.3179","40331.3863","0","15"],["0.3178","38457.7329","0","15"],["0.3177","38973.1948","0","14"]],"instId":"ADA-USDT","ts":"1722881013009","seqId":6953645488}]}
{"arg":{"channel":"books5","instId":"ADA-USDT"},"data":[{"asks":[["0.3183","10917.2572","0","6"],["0.3184","20546.5677","0","12"],["0.3185","28665.2185","0","13"],["0.3186","30495.1043","0","8"],["0.3187","15346.3341","0","10"]],"bids":[["0.3181","8365.4142","0","6"],["0.318","7136.0463","0","7"],["0.3179","40331.3863","0","15"],["0.3178","38457.7329","0","15"],["0.3177","38973.1948","0","14"]],"instId":"ADA-USDT","ts":"1722881013109","seqId":6953645501}]}
{"arg":{"channel":"books5","instId":"ADA-USDT"},"data":[{"asks":[["0.3183","9258.2206","0","6"],["0.3184","20546.5677","0","12"],["0.3185","37464.8807","0","14"],["0.3186","29944.0228","0","7"],["0.3187","15346.3341","0","10"]],"bids":[["0.3181","6936.3917","0","6"],["0.318","21260.0673","0","9"],["0.3179","40331.3863","0","15"],["0.3178","38457.7329","0","15"],["0.3177","38973.1948","0","14"]],"instId":"ADA-USDT","ts":"1722881013209","seqId":6953645523}]}
{"arg":{"channel":"books5","instId":"ADA-USDT"},"data":[{"asks":[["0.3183","5320.2572","0","4"],["0.3184","20546.5677","0","12"],["0.3185","28665.2185","0","13"],["0.3186","29944.0228","0","7"],["0.3187","16020.5386","0","11"]],"bids":[["0.3182","2500","0","1"],["0.3181","17309.4496","0","8"],["0.318","22048.6827","0","10"],["0.3179","36224.3603","0","14"],["0.3178","50453.3498","0","16"]],"instId":"ADA-USDT","ts":"1722881013309","seqId":6953645543}]}
{"arg":{"channel":"books5","instId":"ADA-USDT"},"data":[{"asks":[["0.3183","53.5945","0","1"],["0.3184","21881.4703","0","11"],["0.3185","30360.8988","0","16"],["0.3186","29944.0228","0","7"],["0.3187","15346.3341","0","10"]],"bids":[["0.3182","5721.0866","0","3"],["0.3181","16873.1548","0","9"],["0.318","25259.9865","0","11"],["0.3179","36224.3603","0","14"],["0.3178","48220.1462","0","15"]],"instId":"ADA-USDT","ts":"1722881013409","seqId":6953645588}]}
{"arg":{"channel":"books5","instId":"ADA-USDT"},"data":[{"asks":[["0.3183","2553.5945","0","2"],["0.3184","21169.2442","0","10"],["0.3185","29575.5997","0","15"],["0.3186","29944.0228","0","7"],["0.3187","15346.3341","0","10"]],"bids":[["0.3182","9433.3127","0","5"],["0.3181","16873.1548","0","9"],["0.318","25259.9865","0","11"],["0.3179","36224.3603","0","14"],["0.3178","48220.1462","0","15"]],"instId":"ADA-USDT","ts":"1722881013509","seqId":6953645602}]}
{"arg":{"channel":"books5","instId":"ADA-USDT"},"data":[{"asks":[["0.3183","53.5945","0","1"],["0.3184","21169.2442","0","10"],["0.3185","30213.7295","0","16"],["0.3186","30465.4168","0","8"],["0.3187","15346.3341","0","10"]],"bids":[["0.3182","6433.3127","0","4"],["0.3181","16873.1548","0","9"],["0.318","25259.9865","0","11"],["0.3179","36224.3603","0","14"],["0.3178","48220.1462","0","15"]],"instId":"ADA-USDT","ts":"1722881013609","seqId":6953645615}]}
{"arg":{"channel":"books5","instId":"ADA-USDT"},"data":[{"asks":[["0.3183","53.5945","0","1"],["0.3184","10663.5483","0","6"],["0.3185","30213.7295","0","16"],["0.3186","38743.685","0","8"],["0.3187","15346.3341","0","10"]],"bids":[["0.3182","7133.3127","0","5"],["0.3181","16873.1548","0","9"],["0.318","25259.9865","0","11"],["0.3179","36224.3603","0","14"],["0.3178","48220.1462","0","15"]],"instId":"ADA-USDT","ts":"1722881013709","seqId":6953645627}]}
{"arg":{"channel":"books5","instId":"ADA-USDT"},"data":[{"asks":[["0.3183","5053.5945","0","3"],["0.3184","18905.6354","0","9"],["0.3185","30213.7295","0","16"],["0.3186","38743.685","0","8"],["0.3187","16056.8113","0","11"]],"bids":[["0.3182","6433.3127","0","4"],["0.3181","16873.1548","0","9"],["0.318","25259.9865","0","11"],["0.3179","36224.3603","0","14"],["0.3178","36224.5293","0","14"]],"instId":"ADA-USDT","ts":"1722881013809","seqId":6953645643}]}
{"arg":{"channel":"books5","instId":"ADA-USDT"},"data":[{"asks":[["0.3183","5053.5945","0","3"],["0.3184","18905.6354","0","9"],["0.3185","30213.7295","0","16"],["0.3186","38743.685","0","8"],["0.3187","22715.1349","0","12"]],"bids":[["0.3182","6433.3127","0","4"],["0.3181","16873.1548","0","9"],["0.318","25259.9865","0","11"],["0.3179","36224.3603","0","14"],["0.3178","36224.5293","0","14"]],"instId":"ADA-USDT","ts":"1722881013909","seqId":6953645653}]}
{"arg":{"channel":"books5","instId":"ADA-USDT"},"data":[{"asks":[["0.3184","5590.1098","0","3"],["0.3185","22468.2576","0","14"],["0.3186","38743.685","0","8"],["0.3187","21934.6097","0","11"],["0.3188","15216.3016","0","8"]],"bids":[["0.3183","2500","0","1"],["0.3182","8703.835","0","6"],["0.3181","16090.7927","0","9"],["0.318","25259.9865","0","11"],["0.3179","47573.5718","0","15"]],"instId":"ADA-USDT","ts":"1722881014009","seqId":6953645694}]}
{"arg":{"channel":"books5","instId":"ADA-USDT"},"data":[{"asks":[["0.3184","6841.3902","0","4"],["0.3185","22468.2576","0","14"],["0.3186","30335.6979","0","8"],["0.3187","30536.7232","0","12"],["0.3188","15216.3016","0","8"]],"bids":[["0.3183","721.0866","0","1"],["0.3182","10105.5305","0","5"],["0.3181","16090.7927","0","9"],["0.318","22535.213","0","10"],["0.3179","36224.3603","0","14"]],"instId":"ADA-USDT","ts":"1722881014109","seqId":6953645718}]}
{"arg":{"channel":"books5","instId":"ADA-USDT"},"data":[{"asks":[["0.3184","11472.051","0","7"],["0.3185","21820.912","0","13"],["0.3186","38546.1363","0","8"],["0.3187","22691.3182","0","12"],["0.3188","15216.3016","0","8"]],"bids":[["0.3182","10826.6171","0","6"],["0.3181","15302.1773","0","8"],["0.318","22535.213","0","10"],["0.3179","47573.5718","0","15"],["0.3178","37141.2495","0","15"]],"instId":"ADA-USDT","ts":"1722881014209","seqId":6953645745}]}
{"arg":{"channel":"books5","instId":"ADA-USDT"},"data":[{"asks":[["0.3184","11472.051","0","7"],["0.3185","21820.912","0","13"],["0.3186","38546.1363","0","8"],["0.3187","22691.3182","0","12"],["0.3188","15216.3016","0","8"]],"bids":[["0.3182","12246.5394","0","7"],["0.3181","15302.1773","0","8"],["0.318","13796.3297","0","9"],["0.3179","42333.7934","0","14"],["0.3178","37141.2495","0","15"]],"instId":"ADA-USDT","ts":"1722881014309","seqId":6953645762}]}
{"arg":{"channel":"books5","instId":"ADA-USDT"},"data":[{"asks":[["0.3184","11472.051","0","7"],["0.3185","21820.912","0","13"],["0.3186","38546.1363","0","8"],["0.3187","22691.3182","0","12"],["0.3188","15216.3016","0","8"]],"bids":[["0.3182","15246.5394","0","8"],["0.3181","15302.1773","0","8"],["0.318","13796.3297","0","9"],["0.3179","42333.7934","0","14"],["0.3178","37141.2495","0","15"]],"instId":"ADA-USDT","ts":"1722881014509","seqId":6953645773}]}
{"arg":{"channel":"books5","instId":"ADA-USDT"},"data":[{"asks":[["0.3184","11472.051","0","7"],["0.3185","21820.912","0","13"],["0.3186","38546.1363","0","8"],["0.3187","22691.3182","0","12"],["0.3188","15216.3016","0","8"]],"bids":[["0.3182","15246.5394","0","8"],["0.3181","15302.1773","0","8"],["0.318","13796.3297","0","9"],["0.3179","53683.0049","0","15"],["0.3178","37141.2495","0","15"]],"instId":"ADA-USDT","ts":"1722881014709","seqId":6953645783}]}
{"arg":{"channel":"books5","instId":"ADA-USDT"},"data":[{"asks":[["0.3184","11472.051","0","7"],["0.3185","30423.0255","0","14"],["0.3186","29944.0228","0","7"],["0.3187","22691.3182","0","12"],["0.3188","15216.3016","0","8"]],"bids":[["0.3182","15246.5394","0","8"],["0.3181","15302.1773","0","8"],["0.318","13796.3297","0","9"],["0.3179","42333.7934","0","14"],["0.3178","37141.2495","0","15"]],"instId":"ADA-USDT","ts":"1722881014809","seqId":6953645789}]}
{"arg":{"channel":"books5","instId":"ADA-USDT"},"data":[{"asks":[["0.3184","11472.051","0","7"],["0.3185","30423.0255","0","14"],["0.3186","45401.5167","0","9"],["0.3187","16103.0426","0","11"],["0.3188","18963.166","0","10"]],"bids":[["0.3183","2500","0","1"],["0.3182","23975.0077","0","9"],["0.3181","16090.5449","0","9"],["0.318","37294.9584","0","11"],["0.3179","46785.2042","0","14"]],"instId":"ADA-USDT","ts":"1722881014909","seqId":6953645814}]}
{"arg":{"channel":"books5","instId":"ADA-USDT"},"data":[{"asks":[["0.3184","10824.7054","0","6"],["0.3185","31070.3711","0","15"],["0.3186","45401.5167","0","9"],["0.3187","15346.3341","0","10"],["0.3188","18963.166","0","10"]],"bids":[["0.3183","5721.0866","0","3"],["0.3182","23253.9211","0","8"],["0.3181","13590.5449","0","8"],["0.318","37294.9584","0","11"],["0.3179","35435.9927","0","13"]],"instId":"ADA-USDT","ts":"1722881015009","seqId":6953645831}]}
{"arg":{"channel":"books5","instId":"ADA-USDT"},"data":[{"asks":[["0.3184","10824.7054","0","6"],["0.3185","22468.2576","0","14"],["0.3186","45401.5167","0","9"],["0.3187","15946.1998","0","11"],["0.3188","18963.166","0","10"]],"bids":[["0.3183","5721.0866","0","3"],["0.3182","23253.9211","0","8"],["0.3181","13590.5449","0","8"],["0.318","37294.9584","0","11"],["0.3179","46613.9247","0","14"]],"instId":"ADA-USDT","ts":"1722881015109","seqId":6953645840}]}
{"arg":{"channel":"books5","instId":"ADA-USDT"},"data":[{"asks":[["0.3184","2500","0","1"],["0.3185","23860.1207","0","11"],["0.3186","49327.3958","0","13"],["0.3187","19858.4204","0","13"],["0.3188","15054.6146","0","10"]],"bids":[["0.3183","6433.3127","0","4"],["0.3182","24789.7882","0","11"],["0.3181","13600.5449","0","9"],["0.318","37294.9584","0","11"],["0.3179","46603.9247","0","13"]],"instId":"ADA-USDT","ts":"1722881015209","seqId":6953645917}]}
{"arg":{"channel":"books5","instId":"ADA-USDT"},"data":[{"asks":[["0.3184","3274.704","0","2"],["0.3185","20442.4377","0","10"],["0.3186","58242.5867","0","13"],["0.3187","21745.2159","0","13"],["0.3188","15054.6146","0","10"]],"bids":[["0.3183","6433.3127","0","4"],["0.3182","24789.7882","0","11"],["0.3181","13600.5449","0","9"],["0.318","47684.275","0","11"],["0.3179","35425.9927","0","12"]],"instId":"ADA-USDT","ts":"1722881015309","seqId":6953645931}]}
{"arg":{"channel":"books5","instId":"ADA-USDT"},"data":[{"asks":[["0.3184","13079.3623","0","7"],["0.3185","29310.2475","0","13"],["0.3186","49457.4313","0","12"],["0.3187","22398.5687","0","14"],["0.3188","15054.6146","0","10"]],"bids":[["0.3183","53.5945","0","1"],["0.3182","25510.8748","0","12"],["0.3181","13600.4211","0","9"],["0.318","36506.343","0","10"],["0.3179","35425.9927","0","12"]],"instId":"ADA-USDT","ts":"1722881015409","seqId":6953645967}]}
{"arg":{"channel":"books5","instId":"ADA-USDT"},"data":[{"asks":[["0.3184","7122.2757","0","5"],["0.3185","29310.2475","0","13"],["0.3186","49457.4313","0","12"],["0.3187","21745.2159","0","13"],["0.3188","15054.6146","0","10"]],"bids":[["0.3183","2553.5945","0","2"],["0.3182","24789.7882","0","11"],["0.3181","13600.4211","0","9"],["0.318","36506.343","0","10"],["0.3179","35425.9927","0","12"]],"instId":"ADA-USDT","ts":"1722881015509","seqId":6953645974}]}
{"arg":{"channel":"books5","instId":"ADA-USDT"},"data":[{"asks":[["0.3184","6718.6844","0","4"],["0.3185","29957.5931","0","14"],["0.3186","49457.4313","0","12"],["0.3187","21745.2159","0","13"],["0.3188","15054.6146","0","10"]],"bids":[["0.3183","5774.6811","0","4"],["0.3182","24789.7882","0","11"],["0.3181","13600.4211","0","9"],["0.318","36506.343","0","10"],["0.3179","35425.9927","0","12"]],"instId":"ADA-USDT","ts":"1722881015609","seqId":6953645983}]}
{"arg":{"channel":"books5","instId":"ADA-USDT"},"data":[{"asks":[["0.3184","5053.5945","0","3"],["0.3185","20442.4377","0","10"],["0.3186","50242.6071","0","13"],["0.3187","21745.2159","0","13"],["0.3188","16106.7068","0","11"]],"bids":[["0.3183","5976.1226","0","5"],["0.3182","24789.7882","0","11"],["0.3181","13600.4211","0","9"],["0.318","61615.943","0","11"],["0.3179","10332.0927","0","11"]],"instId":"ADA-USDT","ts":"1722881015709","seqId":6953646004}]}
{"arg":{"channel":"books5","instId":"ADA-USDT"},"data":[{"asks":[["0.3184","7010.593","0","5"],["0.3185","20442.4377","0","10"],["0.3186","50242.6071","0","13"],["0.3187","21745.2159","0","13"],["0.3188","15054.6146","0","10"]],"bids":[["0.3183","3274.6811","0","3"],["0.3182","24789.7882","0","11"],["0.3181","13600.4211","0","9"],["0.318","57844.8322","0","11"],["0.3179","12596.9609","0","11"]],"instId":"ADA-USDT","ts":"1722881015809","seqId":6953646021}]}
{"arg":{"channel":"books5","instId":"ADA-USDT"},"data":[{"asks":[["0.3184","7657.9386","0","6"],["0.3185","20525.0921","0","12"],["0.3186","50242.6071","0","13"],["0.3187","21745.2159","0","13"],["0.3188","15054.6146","0","10"]],"bids":[["0.3182","23297.3115","0","11"],["0.3181","23343.8305","0","9"],["0.318","64410.8415","0","12"],["0.3179","10376.2351","0","11"],["0.3178","27496.061","0","13"]],"instId":"ADA-USDT","ts":"1722881015909","seqId":6953646050}]}
{"arg":{"channel":"books5","instId":"ADA-USDT"},"data":[{"asks":[["0.3184","7657.9386","0","6"],["0.3185","20525.0921","0","12"],["0.3186","50242.6071","0","13"],["0.3187","21745.2159","0","13"],["0.3188","16124.1514","0","11"]],"bids":[["0.3183","5500","0","2"],["0.3182","24597.0792","0","11"],["0.3181","24132.0743","0","10"],["0.318","53247.9383","0","11"],["0.3179","8364.2416","0","11"]],"instId":"ADA-USDT","ts":"1722881016009","seqId":6953646066}]}
{"arg":{"channel":"books5","instId":"ADA-USDT"},"data":[{"asks":[["0.3184","5940.7291","0","4"],["0.3185","20472.4377","0","12"],["0.3186","50242.6071","0","13"],["0.3187","21745.2159","0","13"],["0.3188","16083.4182","0","11"]],"bids":[["0.3183","6433.3127","0","4"],["0.3182","23875.9926","0","10"],["0.3181","24132.0743","0","10"],["0.318","53247.9383","0","11"],["0.3179","8364.2416","0","11"]],"instId":"ADA-USDT","ts":"1722881016109","seqId":6953646090}]}
{"arg":{"channel":"books5","instId":"ADA-USDT"},"data":[{"asks":[["0.3184","53.5945","0","1"],["0.3185","20472.4377","0","12"],["0.3186","50242.6071","0","13"],["0.3187","21745.2159","0","13"],["0.3188","15054.6146","0","10"]],"bids":[["0.3183","6433.3127","0","4"],["0.3182","23875.9926","0","10"],["0.3181","24132.0743","0","10"],["0.318","64410.8415","0","12"],["0.3179","8364.2416","0","11"]],"instId":"ADA-USDT","ts":"1722881016209","seqId":6953646103}]}
{"arg":{"channel":"books5","instId":"ADA-USDT"},"data":[{"asks":[["0.3184","2553.5945","0","2"],["0.3185","11239.7219","0","11"],["0.3186","49457.4313","0","12"],["0.3187","22495.9457","0","14"],["0.3188","15054.6146","0","10"]],"bids":[["0.3183","6433.3127","0","4"],["0.3182","23875.9926","0","10"],["0.3181","24132.0743","0","10"],["0.318","52459.6945","0","10"],["0.3179","8364.2416","0","11"]],"instId":"ADA-USDT","ts":"1722881016309","seqId":6953646115}]}
{"arg":{"channel":"books5","instId":"ADA-USDT"},"data":[{"asks":[["0.3185","9061.4507","0","6"],["0.3186","43351.2013","0","9"],["0.3187","33593.0495","0","15"],["0.3188","11741.1424","0","9"],["0.3189","50890.3985","0","16"]],"bids":[["0.3184","1671.4991","0","2"],["0.3183","19685.0952","0","8"],["0.3182","16926.4322","0","10"],["0.3181","16010.4103","0","9"],["0.318","62443.6014","0","11"]],"instId":"ADA-USDT","ts":"1722881016409","seqId":6953646189}]}
{"arg":{"channel":"books5","instId":"ADA-USDT"},"data":[{"asks":[["0.3185","11695.7329","0","8"],["0.3186","42703.8557","0","8"],["0.3187","33593.0495","0","15"],["0.3188","10763.0241","0","8"],["0.3189","45094.4811","0","15"]],"bids":[["0.3184","1617.9046","0","1"],["0.3183","19685.0952","0","8"],["0.3182","16926.4322","0","10"],["0.3181","16010.4103","0","9"],["0.318","62443.6014","0","11"]],"instId":"ADA-USDT","ts":"1722881016509","seqId":6953646209}]}
{"arg":{"channel":"books5","instId":"ADA-USDT"},"data":[{"asks":[["0.3185","9708.7963","0","7"],["0.3186","26613.8904","0","8"],["0.3187","33593.0495","0","15"],["0.3188","36887.2428","0","10"],["0.3189","45094.4811","0","15"]],"bids":[["0.3184","1617.9046","0","1"],["0.3183","19685.0952","0","8"],["0.3182","16926.4322","0","10"],["0.3181","27173.3135","0","10"],["0.318","62443.6014","0","11"]],"instId":"ADA-USDT","ts":"1722881016609","seqId":6953646216}]}
{"arg":{"channel":"books5","instId":"ADA-USDT"},"data":[{"asks":[["0.3185","3138.1298","0","2"],["0.3186","11283.8234","0","7"],["0.3187","27241.0422","0","13"],["0.3188","35872.6241","0","9"],["0.3189","28716.6534","0","14"]],"bids":[["0.3184","5551.2173","0","4"],["0.3183","21972.7872","0","7"],["0.3182","14426.4322","0","9"],["0.3181","27173.3135","0","10"],["0.318","59434.8224","0","11"]],"instId":"ADA-USDT","ts":"1722881016709","seqId":6953646298}]}
{"arg":{"channel":"books5","instId":"ADA-USDT"},"data":[{"asks":[["0.3185","5638.1298","0","3"],["0.3186","11283.8234","0","7"],["0.3187","36244.9769","0","14"],["0.3188","35872.6241","0","9"],["0.3189","28026.6534","0","13"]],"bids":[["0.3184","4838.9912","0","3"],["0.3183","21972.7872","0","7"],["0.3182","14426.4322","0","9"],["0.3181","16010.4103","0","9"],["0.318","59434.8224","0","11"]],"instId":"ADA-USDT","ts":"1722881016809","seqId":6953646316}]}
{"arg":{"channel":"books5","instId":"ADA-USDT"},"data":[{"asks":[["0.3185","6997.7015","0","5"],["0.3186","10636.4778","0","6"],["0.3187","36244.9769","0","14"],["0.3188","48345.3414","0","10"],["0.3189","28078.291","0","13"]],"bids":[["0.3184","2500","0","1"],["0.3183","23522.1075","0","11"],["0.3182","15996.7839","0","10"],["0.3181","16010.4103","0","9"],["0.318","59434.8224","0","11"]],"instId":"ADA-USDT","ts":"1722881016909","seqId":6953646343}]}
{"arg":{"channel":"books5","instId":"ADA-USDT"},"data":[{"asks":[["0.3185","6883.4993","0","4"],["0.3186","20287.919","0","8"],["0.3187","27241.0422","0","13"],["0.3188","48345.3414","0","10"],["0.3189","27018.1522","0","12"]],"bids":[["0.3184","5721.0866","0","3"],["0.3183","22801.0209","0","10"],["0.3182","16006.7839","0","11"],["0.3181","27173.3135","0","10"],["0.318","59424.8224","0","10"]],"instId":"ADA-USDT","ts":"1722881017009","seqId":6953646363}]}
{"arg":{"channel":"books5","instId":"ADA-USDT"},"data":[{"asks":[["0.3185","2500","0","1"],["0.3186","20287.919","0","8"],["0.3187","27241.0422","0","13"],["0.3188","48345.3414","0","10"],["0.3189","26419.7919","0","12"]],"bids":[["0.3184","5721.0866","0","3"],["0.3183","22801.0209","0","10"],["0.3182","16006.7839","0","11"],["0.3181","27173.3135","0","10"],["0.318","59424.8224","0","10"]],"instId":"ADA-USDT","ts":"1722881017109","seqId":6953646379}]}
{"arg":{"channel":"books5","instId":"ADA-USDT"},"data":[{"asks":[["0.3185","5000","0","2"],["0.3186","20287.919","0","8"],["0.3187","27241.0422","0","13"],["0.3188","48345.3414","0","10"],["0.3189","27674.0897","0","13"]],"bids":[["0.3184","5721.0866","0","3"],["0.3183","22801.0209","0","10"],["0.3182","16006.7839","0","11"],["0.3181","16010.4103","0","9"],["0.318","59424.8224","0","10"]],"instId":"ADA-USDT","ts":"1722881017209","seqId":6953646391}]}
{"arg":{"channel":"books5","instId":"ADA-USDT"},"data":[{"asks":[["0.3185","6818.619","0","4"],["0.3186","11336.4778","0","7"],["0.3187","27241.0422","0","13"],["0.3188","49315.1945","0","11"],["0.3189","26419.7919","0","12"]],"bids":[["0.3183","21257.5362","0","10"],["0.3182","15218.5401","0","10"],["0.3181","16010.4103","0","9"],["0.318","59424.8224","0","10"],["0.3179","15294.9167","0","13"]],"instId":"ADA-USDT","ts":"1722881017309","seqId":6953646415}]}
{"arg":{"channel":"books5","instId":"ADA-USDT"},"data":[{"asks":[["0.3185","9818.619","0","5"],["0.3186","16939.8422","0","8"],["0.3187","27241.0422","0","13"],["0.3188","35872.6241","0","9"],["0.3189","32117.871","0","13"]],"bids":[["0.3183","21257.5362","0","10"],["0.3182","15218.5401","0","10"],["0.3181","26543.0353","0","10"],["0.318","59424.8224","0","10"],["0.3179","15294.9167","0","13"]],"instId":"ADA-USDT","ts":"1722881017409","seqId":6953646422}]}
{"arg":{"channel":"books5","instId":"ADA-USDT"},"data":[{"asks":[["0.3185","11388.9707","0","6"],["0.3186","16939.8422","0","8"],["0.3187","31237.5218","0","15"],["0.3188","35872.6241","0","9"],["0.3189","30602.9434","0","13"]],"bids":[["0.3183","21257.5362","0","10"],["0.3182","15218.5401","0","10"],["0.3181","16010.4103","0","9"],["0.318","69957.4474","0","11"],["0.3179","12782.7484","0","12"]],"instId":"ADA-USDT","ts":"1722881017509","seqId":6953646475}]}
{"arg":{"channel":"books5","instId":"ADA-USDT"},"data":[{"asks":[["0.3185","9818.619","0","5"],["0.3186","16939.8422","0","8"],["0.3187","31237.5218","0","15"],["0.3188","35872.6241","0","9"],["0.3189","30046.4271","0","13"]],"bids":[["0.3183","17920.9732","0","9"],["0.3182","15218.5401","0","10"],["0.3181","16010.4103","0","9"],["0.318","69957.4474","0","11"],["0.3179","12782.7484","0","12"]],"instId":"ADA-USDT","ts":"1722881017609","seqId":6953646484}]}
{"arg":{"channel":"books5","instId":"ADA-USDT"},"data":[{"asks":[["0.3184","2500","0","1"],["0.3185","11388.9707","0","6"],["0.3186","16939.8422","0","8"],["0.3187","29668.9936","0","14"],["0.3188","38280.4923","0","10"]],"bids":[["0.3183","6421.0866","0","4"],["0.3182","22376.6567","0","10"],["0.3181","16010.4103","0","9"],["0.318","59424.8224","0","10"],["0.3179","14382.8145","0","12"]],"instId":"ADA-USDT","ts":"1722881017709","seqId":6953646514}]}
{"arg":{"channel":"books5","instId":"ADA-USDT"},"data":[{"asks":[["0.3184","3147.3456","0","2"],["0.3185","13132.9404","0","6"],["0.3186","18508.8456","0","9"],["0.3187","30183.2118","0","15"],["0.3188","44612.9385","0","12"]],"bids":[["0.3183","8000","0","3"],["0.3182","28654.0461","0","12"],["0.3181","17581.1316","0","10"],["0.318","59434.8224","0","11"],["0.3179","24915.4395","0","13"]],"instId":"ADA-USDT","ts":"1722881017809","seqId":6953646560}]}
{"arg":{"channel":"books5","instId":"ADA-USDT"},"data":[{"asks":[["0.3184","2500","0","1"],["0.3185","22992.4125","0","8"],["0.3186","27512.9412","0","10"],["0.3187","19670.5622","0","13"],["0.3188","48706.0079","0","13"]],"bids":[["0.3183","5537.821","0","3"],["0.3182","28654.0461","0","12"],["0.3181","17581.1316","0","10"],["0.318","63913.1675","0","12"],["0.3179","24915.4395","0","13"]],"instId":"ADA-USDT","ts":"1722881017909","seqId":6953646576}]}
{"arg":{"channel":"books5","instId":"ADA-USDT"},"data":[{"asks":[["0.3184","2500","0","1"],["0.3185","22992.4125","0","8"],["0.3186","27512.9412","0","10"],["0.3187","19670.5622","0","13"],["0.3188","49396.0079","0","14"]],"bids":[["0.3183","6258.9076","0","4"],["0.3182","27932.9595","0","11"],["0.3181","17581.1316","0","10"],["0.318","63913.1675","0","12"],["0.3179","14382.8145","0","12"]],"instId":"ADA-USDT","ts":"1722881018009","seqId":6953646589}]}
{"arg":{"channel":"books5","instId":"ADA-USDT"},"data":[{"asks":[["0.3185","22992.4125","0","8"],["0.3186","27512.9412","0","10"],["0.3187","20324.3144","0","14"],["0.3188","48706.0079","0","13"],["0.3189","20186.8365","0","9"]],"bids":[["0.3183","6258.9076","0","4"],["0.3182","26943.83","0","9"],["0.3181","17581.1316","0","10"],["0.318","74683.5527","0","13"],["0.3179","14382.8145","0","12"]],"instId":"ADA-USDT","ts":"1722881018109","seqId":6953646605}]}
{"arg":{"channel":"books5","instId":"ADA-USDT"},"data":[{"asks":[["0.3184","2500","0","1"],["0.3185","24149.4738","0","10"],["0.3186","32419.0622","0","14"],["0.3187","19670.5622","0","13"],["0.3188","49734.5501","0","14"]],"bids":[["0.3183","6258.9076","0","4"],["0.3182","26943.83","0","9"],["0.3181","17581.1316","0","10"],["0.318","63913.1675","0","12"],["0.3179","15290.9786","0","13"]],"instId":"ADA-USDT","ts":"1722881018209","seqId":6953646633}]}
{"arg":{"channel":"books5","instId":"ADA-USDT"},"data":[{"asks":[["0.3184","2500","0","1"],["0.3185","24149.4738","0","10"],["0.3186","32419.0622","0","14"],["0.3187","19670.5622","0","13"],["0.3188","48706.0079","0","13"]],"bids":[["0.3183","6258.9076","0","4"],["0.3182","26943.83","0","9"],["0.3181","17581.1316","0","10"],["0.318","63913.1675","0","12"],["0.3179","14382.8145","0","12"]],"instId":"ADA-USDT","ts":"1722881018309","seqId":6953646645}]}
{"arg":{"channel":"books5","instId":"ADA-USDT"},"data":[{"asks":[["0.3184","2553.5945","0","2"],["0.3185","24149.4738","0","10"],["0.3186","31633.8864","0","13"],["0.3187","19670.5622","0","13"],["0.3188","47077.3564","0","12"]],"bids":[["0.3183","6258.9076","0","4"],["0.3182","26943.83","0","9"],["0.3181","17581.1316","0","10"],["0.318","63913.1675","0","12"],["0.3179","14382.8145","0","12"]],"instId":"ADA-USDT","ts":"1722881018409","seqId":6953646659}]}
{"arg":{"channel":"books5","instId":"ADA-USDT"},"data":[{"asks":[["0.3184","5053.5945","0","3"],["0.3185","24149.4738","0","10"],["0.3186","31633.8864","0","13"],["0.3187","19670.5622","0","13"],["0.3188","50044.2358","0","14"]],"bids":[["0.3183","6258.9076","0","4"],["0.3182","26943.83","0","9"],["0.3181","17581.1316","0","10"],["0.318","74683.5527","0","13"],["0.3179","14382.8145","0","12"]],"instId":"ADA-USDT","ts":"1722881018509","seqId":6953646668}]}
{"arg":{"channel":"books5","instId":"ADA-USDT"},"data":[{"asks":[["0.3184","5053.5945","0","3"],["0.3185","24149.4738","0","10"],["0.3186","31633.8864","0","13"],["0.3187","19670.5622","0","13"],["0.3188","49015.3832","0","13"]],"bids":[["0.3183","6258.9076","0","4"],["0.3182","26943.83","0","9"],["0.3181","17581.1316","0","10"],["0.318","74683.5527","0","13"],["0.3179","14382.8145","0","12"]],"instId":"ADA-USDT","ts":"1722881018609","seqId":6953646670}]}
{"arg":{"channel":"books5","instId":"ADA-USDT"},"data":[{"asks":[["0.3184","6456.9861","0","5"],["0.3185","23532.1282","0","11"],["0.3186","31633.8864","0","13"],["0.3187","19670.5622","0","13"],["0.3188","49015.3832","0","13"]],"bids":[["0.3182","22862.9553","0","11"],["0.3181","16793.0116","0","9"],["0.318","74683.5527","0","13"],["0.3179","15398.7726","0","13"],["0.3178","26336.344","0","12"]],"instId":"ADA-USDT","ts":"1722881018709","seqId":6953646702}]}
{"arg":{"channel":"books5","instId":"ADA-USDT"},"data":[{"asks":[["0.3184","5700.9401","0","4"],["0.3185","23532.1282","0","11"],["0.3186","31633.8864","0","13"],["0.3187","20326.7209","0","14"],["0.3188","49015.3832","0","13"]],"bids":[["0.3182","22862.9553","0","11"],["0.3181","16793.0116","0","9"],["0.318","75471.7965","0","14"],["0.3179","14382.8145","0","12"],["0.3178","29650.5581","0","14"]],"instId":"ADA-USDT","ts":"1722881018809","seqId":6953646714}]}
{"arg":{"channel":"books5","instId":"ADA-USDT"},"data":[{"asks":[["0.3184","11119.0963","0","7"],["0.3185","29692.7057","0","13"],["0.3186","22629.7908","0","12"],["0.3187","20326.7209","0","14"],["0.3188","46763.3496","0","12"]],"bids":[["0.3182","20991.3842","0","10"],["0.3181","26210.8725","0","10"],["0.318","60223.0662","0","12"],["0.3179","14382.8145","0","12"],["0.3178","24129.6905","0","12"]],"instId":"ADA-USDT","ts":"1722881018909","seqId":6953646752}]}
{"arg":{"channel":"books5","instId":"ADA-USDT"},"data":[{"asks":[["0.3185","11644.1581","0","7"],["0.3186","22629.7908","0","12"],["0.3187","20326.7209","0","14"],["0.3188","46763.3496","0","12"],["0.3189","25731.9772","0","10"]],"bids":[["0.3183","5620.0914","0","3"],["0.3182","28048.0785","0","13"],["0.3181","17581.2554","0","10"],["0.318","69297.6643","0","12"],["0.3179","12916.4769","0","11"]],"instId":"ADA-USDT","ts":"1722881019009","seqId":6953646796}]}
{"arg":{"channel":"books5","instId":"ADA-USDT"},"data":[{"asks":[["0.3184","5053.5945","0","3"],["0.3185","19416.3324","0","9"],["0.3186","22629.7908","0","12"],["0.3187","19670.5622","0","13"],["0.3188","46763.3496","0","12"]],"bids":[["0.3183","5721.0866","0","3"],["0.3182","27326.9919","0","12"],["0.3181","17581.2554","0","10"],["0.318","76457.265","0","13"],["0.3179","12916.4769","0","11"]],"instId":"ADA-USDT","ts":"1722881019109","seqId":6953646821}]}
{"arg":{"channel":"books5","instId":"ADA-USDT"},"data":[{"asks":[["0.3184","5397.7532","0","4"],["0.3185","16890.4549","0","8"],["0.3186","22629.7908","0","12"],["0.3187","20296.3237","0","14"],["0.3188","46763.3496","0","12"]],"bids":[["0.3183","5000","0","2"],["0.3182","24989.0114","0","12"],["0.3181","17581.2554","0","10"],["0.318","67833.7294","0","13"],["0.3179","15975.5436","0","12"]],"instId":"ADA-USDT","ts":"1722881019209","seqId":6953646848}]}
{"arg":{"channel":"books5","instId":"ADA-USDT"},"data":[{"asks":[["0.3184","9196.5323","0","8"],["0.3185","28365.7281","0","12"],["0.3186","22629.7908","0","12"],["0.3187","20296.3237","0","14"],["0.3188","46763.3496","0","12"]],"bids":[["0.3182","23075.7113","0","11"],["0.3181","18363.8567","0","10"],["0.318","67833.7294","0","13"],["0.3179","19117.7274","0","13"],["0.3178","27115.3377","0","14"]],"instId":"ADA-USDT","ts":"1722881019309","seqId":6953646879}]}
{"arg":{"channel":"books5","instId":"ADA-USDT"},"data":[{"asks":[["0.3184","13782.6478","0","10"],["0.3185","28365.7281","0","12"],["0.3186","22629.7908","0","12"],["0.3187","20296.3237","0","14"],["0.3188","46763.3496","0","12"]],"bids":[["0.3182","23075.7113","0","11"],["0.3181","16793.0116","0","9"],["0.318","67833.7294","0","13"],["0.3179","19117.7274","0","13"],["0.3178","27388.5131","0","15"]],"instId":"ADA-USDT","ts":"1722881019409","seqId":6953646893}]}
{"arg":{"channel":"books5","instId":"ADA-USDT"},"data":[{"asks":[["0.3184","9196.5323","0","8"],["0.3185","28365.7281","0","12"],["0.3186","22629.7908","0","12"],["0.3187","20296.3237","0","14"],["0.3188","46763.3496","0","12"]],"bids":[["0.3183","2500","0","1"],["0.3182","23075.7113","0","11"],["0.3181","16793.0116","0","9"],["0.318","67833.7294","0","13"],["0.3179","19117.7274","0","13"]],"instId":"ADA-USDT","ts":"1722881019509","seqId":6953646901}]}
{"arg":{"channel":"books5","instId":"ADA-USDT"},"data":[{"asks":[["0.3184","9196.5323","0","8"],["0.3185","28365.7281","0","12"],["0.3186","22629.7908","0","12"],["0.3187","19670.5622","0","13"],["0.3188","46763.3496","0","12"]],"bids":[["0.3183","2500","0","1"],["0.3182","23075.7113","0","11"],["0.3181","17581.3792","0","10"],["0.318","67833.7294","0","13"],["0.3179","19117.7274","0","13"]],"instId":"ADA-USDT","ts":"1722881019609","seqId":6953646905}]}
{"arg":{"channel":"books5","instId":"ADA-USDT"},"data":[{"asks":[["0.3184","10788.3767","0","9"],["0.3185","28365.7281","0","12"],["0.3186","22629.7908","0","12"],["0.3187","19670.5622","0","13"],["0.3188","46763.3496","0","12"]],"bids":[["0.3182","23075.7113","0","11"],["0.3181","16793.0116","0","9"],["0.318","67833.7294","0","13"],["0.3179","19117.7274","0","13"],["0.3178","27388.5131","0","15"]],"instId":"ADA-USDT","ts":"1722881019709","seqId":6953646914}]}
{"arg":{"channel":"books5","instId":"ADA-USDT"},"data":[{"asks":[["0.3184","10788.3767","0","9"],["0.3185","28365.7281","0","12"],["0.3186","22629.7908","0","12"],["0.3187","19670.5622","0","13"],["0.3188","47810.9314","0","13"]],"bids":[["0.3183","2500","0","1"],["0.3182","23075.7113","0","11"],["0.3181","17581.3792","0","10"],["0.318","78983.6155","0","14"],["0.3179","19117.7274","0","13"]],"instId":"ADA-USDT","ts":"1722881019809","seqId":6953646924}]}
{"arg":{"channel":"books5","instId":"ADA-USDT"},"data":[{"asks":[["0.3184","53.5945","0","1"],["0.3185","16920.4549","0","10"],["0.3186","22629.7908","0","12"],["0.3187","19670.5622","0","13"],["0.3188","46763.3496","0","12"]],"bids":[["0.3183","6433.3127","0","4"],["0.3182","27454.6077","0","11"],["0.3181","17581.3792","0","10"],["0.318","78983.6155","0","14"],["0.3179","16058.6607","0","12"]],"instId":"ADA-USDT","ts":"1722881019909","seqId":6953646952}]}
{"arg":{"channel":"books5","instId":"ADA-USDT"},"data":[{"asks":[["0.3183","53.5945","0","1"],["0.3184","7732.0614","0","6"],["0.3185","24825.4063","0","11"],["0.3186","31906.1985","0","13"],["0.3187","19670.5622","0","13"]],"bids":[["0.3182","28175.6943","0","12"],["0.3181","17581.3792","0","10"],["0.318","67833.7294","0","13"],["0.3179","16058.6607","0","12"],["0.3178","23088.8087","0","13"]],"instId":"ADA-USDT","ts":"1722881020009","seqId":6953646986}]}
{"arg":{"channel":"books5","instId":"ADA-USDT"},"data":[{"asks":[["0.3184","7667.1809","0","6"],["0.3185","24178.0607","0","10"],["0.3186","31906.1985","0","13"],["0.3187","19670.5622","0","13"],["0.3188","46771.4102","0","12"]],"bids":[["0.3182","23787.9374","0","12"],["0.3181","18364.1035","0","10"],["0.318","67833.7294","0","13"],["0.3179","21031.0273","0","13"],["0.3178","24368.0554","0","13"]],"instId":"ADA-USDT","ts":"1722881020109","seqId":6953647004}]}
{"arg":{"channel":"books5","instId":"ADA-USDT"},"data":[{"asks":[["0.3184","7667.1809","0","6"],["0.3185","24178.0607","0","10"],["0.3186","31906.1985","0","13"],["0.3187","19670.5622","0","13"],["0.3188","45836.2576","0","11"]],"bids":[["0.3182","23787.9374","0","12"],["0.3181","18364.1035","0","10"],["0.318","67833.7294","0","13"],["0.3179","21031.0273","0","13"],["0.3178","25562.4208","0","14"]],"instId":"ADA-USDT","ts":"1722881020209","seqId":6953647011}]}
{"arg":{"channel":"books5","instId":"ADA-USDT"},"data":[{"asks":[["0.3184","9447.8277","0","8"],["0.3185","24178.0607","0","10"],["0.3186","31906.1985","0","13"],["0.3187","19670.5622","0","13"],["0.3188","45836.2576","0","11"]],"bids":[["0.3182","23075.7113","0","11"],["0.3181","19152.4711","0","11"],["0.318","67045.4856","0","12"],["0.3179","21031.0273","0","13"],["0.3178","24368.0554","0","13"]],"instId":"ADA-USDT","ts":"1722881020309","seqId":6953647026}]}
{"arg":{"channel":"books5","instId":"ADA-USDT"},"data":[{"asks":[["0.3184","11584.863","0","9"],["0.3185","24878.0607","0","11"],["0.3186","31906.1985","0","13"],["0.3187","19670.5622","0","13"],["0.3188","43750.6662","0","11"]],"bids":[["0.3183","2500","0","1"],["0.3182","26075.7113","0","12"],["0.3181","19152.3473","0","11"],["0.318","67833.7294","0","13"],["0.3179","21031.0273","0","13"]],"instId":"ADA-USDT","ts":"1722881020409","seqId":6953647041}]}
{"arg":{"channel":"books5","instId":"ADA-USDT"},"data":[{"asks":[["0.3184","7019.8353","0","5"],["0.3185","24825.4063","0","11"],["0.3186","31906.1985","0","13"],["0.3187","19670.5622","0","13"],["0.3188","44767.8373","0","11"]],"bids":[["0.3183","5721.0866","0","3"],["0.3182","25354.6247","0","11"],["0.3181","19152.3473","0","11"],["0.318","79597.4989","0","14"],["0.3179","21031.0273","0","13"]],"instId":"ADA-USDT","ts":"1722881020509","seqId":6953647056}]}
{"arg":{"channel":"books5","instId":"ADA-USDT"},"data":[{"asks":[["0.3184","1171.2733","0","1"],["0.3185","19346.9371","0","11"],["0.3186","22629.7908","0","12"],["0.3187","19670.5622","0","13"],["0.3188","44767.8373","0","11"]],"bids":[["0.3183","6433.3127","0","4"],["0.3182","25354.6247","0","11"],["0.3181","19152.3473","0","11"],["0.318","79597.4989","0","14"],["0.3179","21031.0273","0","13"]],"instId":"ADA-USDT","ts":"1722881020609","seqId":6953647075}]}
{"arg":{"channel":"books5","instId":"ADA-USDT"},"data":[{"asks":[["0.3184","2553.5945","0","2"],["0.3185","20328.2521","0","11"],["0.3186","23414.8433","0","13"],["0.3187","19670.5622","0","13"],["0.3188","45804.7089","0","12"]],"bids":[["0.3183","6433.3127","0","4"],["0.3182","25354.6247","0","11"],["0.3181","19152.3473","0","11"],["0.318","79597.4989","0","14"],["0.3179","22006.353","0","14"]],"instId":"ADA-USDT","ts":"1722881020709","seqId":6953647097}]}
{"arg":{"channel":"books5","instId":"ADA-USDT"},"data":[{"asks":[["0.3184","7213.024","0","6"],["0.3185","28957.3142","0","11"],["0.3186","23414.8433","0","13"],["0.3187","19670.5622","0","13"],["0.3188","44767.8373","0","11"]],"bids":[["0.3183","5721.0866","0","3"],["0.3182","25354.6247","0","11"],["0.3181","19152.3473","0","11"],["0.318","67833.7294","0","13"],["0.3179","21031.0273","0","13"]],"instId":"ADA-USDT","ts":"1722881020809","seqId":6953647112}]}
{"arg":{"channel":"books5","instId":"ADA-USDT"},"data":[{"asks":[["0.3184","53.5945","0","1"],["0.3185","16920.4549","0","10"],["0.3186","23414.8433","0","13"],["0.3187","19670.5622","0","13"],["0.3188","44767.8373","0","11"]],"bids":[["0.3183","9433.3127","0","5"],["0.3182","31251.0117","0","12"],["0.3181","19152.3473","0","11"],["0.318","67833.7294","0","13"],["0.3179","16058.6607","0","12"]],"instId":"ADA-USDT","ts":"1722881020909","seqId":6953647134}]}
{"arg":{"channel":"books5","instId":"ADA-USDT"},"data":[{"asks":[["0.3184","2553.5945","0","2"],["0.3185","19346.9369","0","11"],["0.3186","22629.7908","0","12"],["0.3187","19670.5622","0","13"],["0.3188","54288.1514","0","12"]],"bids":[["0.3183","6433.3127","0","4"],["0.3182","31251.0117","0","12"],["0.3181","19152.3473","0","11"],["0.318","67833.7294","0","13"],["0.3179","16058.6607","0","12"]],"instId":"ADA-USDT","ts":"1722881021009","seqId":6953647154}]}
{"arg":{"channel":"books5","instId":"ADA-USDT"},"data":[{"asks":[["0.3184","11565.3203","0","8"],["0.3185","19399.5913","0","11"],["0.3186","22629.7908","0","12"],["0.3187","20597.2847","0","14"],["0.3188","47990.3691","0","11"]],"bids":[["0.3182","23075.7113","0","11"],["0.3181","16793.0116","0","9"],["0.318","67833.7294","0","13"],["0.3179","21031.0278","0","13"],["0.3178","25764.0169","0","14"]],"instId":"ADA-USDT","ts":"1722881021109","seqId":6953647187}]}
{"arg":{"channel":"books5","instId":"ADA-USDT"},"data":[{"asks":[["0.3184","5719.8146","0","4"],["0.3185","19346.9369","0","11"],["0.3186","22629.7908","0","12"],["0.3187","19670.5622","0","13"],["0.3188","22880.7691","0","10"]],"bids":[["0.3183","9020.5575","0","5"],["0.3182","22354.6247","0","10"],["0.3181","17581.2554","0","10"],["0.318","79662.5823","0","14"],["0.3179","21031.0278","0","13"]],"instId":"ADA-USDT","ts":"1722881021209","seqId":6953647213}]}
{"arg":{"channel":"books5","instId":"ADA-USDT"},"data":[{"asks":[["0.3184","5666.2201","0","3"],["0.3185","28623.3446","0","12"],["0.3186","22629.7908","0","12"],["0.3187","44784.4622","0","14"],["0.3188","23903.2142","0","11"]],"bids":[["0.3183","6020.5575","0","4"],["0.3182","22354.6247","0","10"],["0.3181","17581.2554","0","10"],["0.318","67045.4856","0","12"],["0.3179","21031.0278","0","13"]],"instId":"ADA-USDT","ts":"1722881021309","seqId":6953647226}]}
{"arg":{"channel":"books5","instId":"ADA-USDT"},"data":[{"asks":[["0.3184","53.5945","0","1"],["0.3185","19316.9373","0","9"],["0.3186","22629.7908","0","12"],["0.3187","44784.4622","0","14"],["0.3188","23903.2249","0","11"]],"bids":[["0.3183","9020.5575","0","5"],["0.3182","27454.4531","0","11"],["0.3181","17581.2554","0","10"],["0.318","78874.3385","0","13"],["0.3179","16058.6607","0","12"]],"instId":"ADA-USDT","ts":"1722881021409","seqId":6953647259}]}
{"arg":{"channel":"books5","instId":"ADA-USDT"},"data":[{"asks":[["0.3184","2553.5945","0","2"],["0.3185","19316.9373","0","9"],["0.3186","22629.7908","0","12"],["0.3187","44784.4622","0","14"],["0.3188","23880.9807","0","11"]],"bids":[["0.3183","6020.5575","0","4"],["0.3182","27454.4531","0","11"],["0.3181","17581.2554","0","10"],["0.318","78874.3385","0","13"],["0.3179","16058.6607","0","12"]],"instId":"ADA-USDT","ts":"1722881021509","seqId":6953647269}]}
{"arg":{"channel":"books5","instId":"ADA-USDT"},"data":[{"asks":[["0.3184","2553.5945","0","2"],["0.3185","19316.9373","0","9"],["0.3186","22629.7908","0","12"],["0.3187","44784.4622","0","14"],["0.3188","22880.7691","0","10"]],"bids":[["0.3183","5972.5575","0","4"],["0.3182","27454.4531","0","11"],["0.3181","17581.2554","0","10"],["0.318","78874.3385","0","13"],["0.3179","16058.6607","0","12"]],"instId":"ADA-USDT","ts":"1722881021609","seqId":6953647276}]}
{"arg":{"channel":"books5","instId":"ADA-USDT"},"data":[{"asks":[["0.3185","7555.1484","0","5"],["0.3186","17918.7358","0","8"],["0.3187","44784.4622","0","14"],["0.3188","21495.3465","0","10"],["0.3189","23663.1255","0","11"]],"bids":[["0.3184","2500","0","1"],["0.3183","18114.4626","0","8"],["0.3182","17155.5108","0","9"],["0.3181","17581.2554","0","10"],["0.318","76033.4399","0","13"]],"instId":"ADA-USDT","ts":"1722881021709","seqId":6953647309}]}
{"arg":{"channel":"books5","instId":"ADA-USDT"},"data":[{"asks":[["0.3185","7749.626","0","5"],["0.3186","19156.1912","0","10"],["0.3187","54060.8699","0","15"],["0.3188","18534.8741","0","8"],["0.3189","23663.1255","0","11"]],"bids":[["0.3183","21528.9631","0","8"],["0.3182","17165.5108","0","10"],["0.3181","17581.2554","0","10"],["0.318","62050.7612","0","11"],["0.3179","16058.6607","0","12"]],"instId":"ADA-USDT","ts":"1722881021809","seqId":6953647348}]}
{"arg":{"channel":"books5","instId":"ADA-USDT"},"data":[{"asks":[["0.3184","5500","0","2"],["0.3185","11456.4239","0","8"],["0.3186","18508.8456","0","9"],["0.3187","54060.8699","0","15"],["0.3188","18534.8741","0","8"]],"bids":[["0.3183","16671.7002","0","6"],["0.3182","17165.5108","0","10"],["0.3181","17581.2554","0","10"],["0.318","62050.7612","0","11"],["0.3179","21908.5802","0","14"]],"instId":"ADA-USDT","ts":"1722881021909","seqId":6953647368}]}
{"arg":{"channel":"books5","instId":"ADA-USDT"},"data":[{"asks":[["0.3184","5000","0","2"],["0.3185","10744.1978","0","7"],["0.3186","18508.8456","0","9"],["0.3187","54060.8699","0","15"],["0.3188","24325.989","0","9"]],"bids":[["0.3183","19491.8181","0","7"],["0.3182","17165.5108","0","10"],["0.3181","17581.2554","0","10"],["0.318","62050.7612","0","11"],["0.3179","17395.8055","0","13"]],"instId":"ADA-USDT","ts":"1722881022009","seqId":6953647392}]}
{"arg":{"channel":"books5","instId":"ADA-USDT"},"data":[{"asks":[["0.3185","16493.0486","0","10"],["0.3186","27785.2533","0","10"],["0.3187","44784.4622","0","14"],["0.3188","23771.4781","0","8"],["0.3189","22594.7047","0","10"]],"bids":[["0.3184","53.5945","0","1"],["0.3183","17842.9727","0","7"],["0.3182","17953.7546","0","11"],["0.3181","17581.2554","0","10"],["0.318","74393.518","0","12"]],"instId":"ADA-USDT","ts":"1722881022109","seqId":6953647419}]}
{"arg":{"channel":"books5","instId":"ADA-USDT"},"data":[{"asks":[["0.3185","16493.0486","0","10"],["0.3186","27785.2533","0","10"],["0.3187","44784.4622","0","14"],["0.3188","24705.5617","0","9"],["0.3189","22594.7047","0","10"]],"bids":[["0.3183","17842.9727","0","7"],["0.3182","17165.5108","0","10"],["0.3181","17581.2554","0","10"],["0.318","74393.518","0","12"],["0.3179","17395.8055","0","13"]],"instId":"ADA-USDT","ts":"1722881022209","seqId":6953647430}]}
{"arg":{"channel":"books5","instId":"ADA-USDT"},"data":[{"asks":[["0.3185","16493.0486","0","10"],["0.3186","27785.2533","0","10"],["0.3187","44784.4622","0","14"],["0.3188","24675.8742","0","9"],["0.3189","22594.7047","0","10"]],"bids":[["0.3183","17842.9727","0","7"],["0.3182","17165.5108","0","10"],["0.3181","17581.2554","0","10"],["0.318","74393.518","0","12"],["0.3179","18296.0245","0","14"]],"instId":"ADA-USDT","ts":"1722881022309","seqId":6953647439}]}
{"arg":{"channel":"books5","instId":"ADA-USDT"},"data":[{"asks":[["0.3185","19493.0486","0","11"],["0.3186","27785.2533","0","10"],["0.3187","44784.4622","0","14"],["0.3188","23771.4781","0","8"],["0.3189","25509.0172","0","11"]],"bids":[["0.3183","17842.9727","0","7"],["0.3182","17165.5108","0","10"],["0.3181","17581.2554","0","10"],["0.318","74393.518","0","12"],["0.3179","17395.8055","0","13"]],"instId":"ADA-USDT","ts":"1722881022409","seqId":6953647448}]}
{"arg":{"channel":"books5","instId":"ADA-USDT"},"data":[{"asks":[["0.3185","19493.0486","0","11"],["0.3186","27785.2533","0","10"],["0.3187","44784.4622","0","14"],["0.3188","24675.8742","0","9"],["0.3189","25509.0172","0","11"]],"bids":[["0.3183","17842.9727","0","7"],["0.3182","17165.5108","0","10"],["0.3181","17581.2554","0","10"],["0.318","74393.518","0","12"],["0.3179","17395.8055","0","13"]],"instId":"ADA-USDT","ts":"1722881022509","seqId":6953647455}]}
{"arg":{"channel":"books5","instId":"ADA-USDT"},"data":[{"asks":[["0.3185","19493.0486","0","11"],["0.3186","27785.2533","0","10"],["0.3187","44784.4622","0","14"],["0.3188","23771.4781","0","8"],["0.3189","25509.0172","0","11"]],"bids":[["0.3183","17842.9727","0","7"],["0.3182","17165.5108","0","10"],["0.3181","29924.0122","0","11"],["0.318","62050.7612","0","11"],["0.3179","17395.8055","0","13"]],"instId":"ADA-USDT","ts":"1722881022609","seqId":6953647465}]}
{"arg":{"channel":"books5","instId":"ADA-USDT"},"data":[{"asks":[["0.3185","16493.0486","0","10"],["0.3186","27785.2533","0","10"],["0.3187","44784.4622","0","14"],["0.3188","23771.4781","0","8"],["0.3189","25509.0172","0","11"]],"bids":[["0.3183","17842.9727","0","7"],["0.3182","17165.5108","0","10"],["0.3181","29924.0122","0","11"],["0.318","62050.7612","0","11"],["0.3179","17395.8055","0","13"]],"instId":"ADA-USDT","ts":"1722881022709","seqId":6953647472}]}
{"arg":{"channel":"books5","instId":"ADA-USDT"},"data":[{"asks":[["0.3185","16493.0486","0","10"],["0.3186","27785.2533","0","10"],["0.3187","44784.4622","0","14"],["0.3188","24779.5469","0","9"],["0.3189","25509.0172","0","11"]],"bids":[["0.3183","17842.9727","0","7"],["0.3182","17165.5108","0","10"],["0.3181","29924.0122","0","11"],["0.318","62050.7612","0","11"],["0.3179","17395.8055","0","13"]],"instId":"ADA-USDT","ts":"1722881022809","seqId":6953647478}]}
