{"event":"subscribe","arg":{"channel":"books5","instId":"ATOM-USDT"},"connId":"ba514829"}
{"arg":{"channel":"books5","instId":"ATOM-USDT"},"data":[{"asks":[["4.731","288.127271","0","5"],["4.732","325.781499","0","5"],["4.733","810.5477","0","9"],["4.734","411.170895","0","6"],["4.735","731.411061","0","7"]],"bids":[["4.73","4.228718","0","1"],["4.728","293.848764","0","6"],["4.727","689.320919","0","7"],["4.726","1340.023974","0","8"],["4.725","1337.145684","0","8"]],"instId":"ATOM-USDT","ts":"1722881601000","seqId":4656194195}]}
{"arg":{"channel":"books5","instId":"ATOM-USDT"},"data":[{"asks":[["4.731","288.127271","0","5"],["4.732","325.781499","0","5"],["4.733","810.5477","0","9"],["4.734","411.170895","0","6"],["4.735","731.411061","0","7"]],"bids":[["4.73","4.228718","0","1"],["4.728","381.651512","0","7"],["4.727","689.320919","0","7"],["4.726","1340.023974","0","8"],["4.725","1337.145684","0","8"]],"instId":"ATOM-USDT","ts":"1722881601100","seqId":4656194199}]}
{"arg":{"channel":"books5","instId":"ATOM-USDT"},"data":[{"asks":[["4.731","288.127271","0","5"],["4.732","325.781499","0","5"],["4.733","810.5477","0","9"],["4.734","411.170895","0","6"],["4.735","731.411061","0","7"]],"bids":[["4.73","4.228718","0","1"],["4.728","381.651512","0","7"],["4.727","589.552058","0","7"],["4.726","1340.023974","0","8"],["4.725","1337.145684","0","8"]],"instId":"ATOM-USDT","ts":"1722881601200","seqId":4656194215}]}
{"arg":{"channel":"books5","instId":"ATOM-USDT"},"data":[{"asks":[["4.731","157.9","0","3"],["4.732","350.311698","0","6"],["4.733","810.5477","0","9"],["4.734","411.170895","0","6"],["4.735","516.063569","0","6"]],"bids":[["4.73","4.228718","0","1"],["4.728","381.651512","0","7"],["4.727","589.552058","0","7"],["4.726","1340.023974","0","8"],["4.725","1337.145684","0","8"]],"instId":"ATOM-USDT","ts":"1722881601400","seqId":4656194234}]}
{"arg":{"channel":"books5","instId":"ATOM-USDT"},"data":[{"asks":[["4.731","120","0","2"],["4.732","250.311698","0","5"],["4.733","318.922425","0","8"],["4.734","902.796171","0","7"],["4.735","516.063569","0","6"]],"bids":[["4.73","4.228718","0","1"],["4.729","108.943645","0","2"],["4.728","381.651512","0","7"],["4.727","589.552058","0","7"],["4.726","1340.023974","0","8"]],"instId":"ATOM-USDT","ts":"1722881601500","seqId":4656194258}]}
{"arg":{"channel":"books5","instId":"ATOM-USDT"},"data":[{"asks":[["4.732","144.680199","0","4"],["4.733","318.922425","0","8"],["4.734","902.796171","0","7"],["4.735","516.063569","0","6"],["4.736","1004.659973","0","8"]],"bids":[["4.73","124.228718","0","3"],["4.729","369.912011","0","4"],["4.728","353.802316","0","6"],["4.727","820.508538","0","8"],["4.726","1234.281006","0","7"]],"instId":"ATOM-USDT","ts":"1722881601600","seqId":4656194290}]}
{"arg":{"channel":"books5","instId":"ATOM-USDT"},"data":[{"asks":[["4.732","158.05","0","4"],["4.733","343.452624","0","9"],["4.734","411.170895","0","6"],["4.735","621.625931","0","7"],["4.736","476.966276","0","7"]],"bids":[["4.73","170.599825","0","4"],["4.729","391.858636","0","5"],["4.728","248.102748","0","5"],["4.727","1056.928205","0","10"],["4.726","1739.928224","0","10"]],"instId":"ATOM-USDT","ts":"1722881601700","seqId":4656194323}]}
{"arg":{"channel":"books5","instId":"ATOM-USDT"},"data":[{"asks":[["4.733","126.394129","0","5"],["4.734","316.250467","0","7"],["4.735","515.563622","0","7"],["4.736","476.966276","0","7"],["4.737","1825.899934","0","12"]],"bids":[["4.73","376.250378","0","6"],["4.729","386.334879","0","6"],["4.728","275.303508","0","6"],["4.727","1012.483528","0","10"],["4.726","1712.727464","0","9"]],"instId":"ATOM-USDT","ts":"1722881601800","seqId":4656194367}]}
{"arg":{"channel":"books5","instId":"ATOM-USDT"},"data":[{"asks":[["4.733","161.86393","0","5"],["4.734","340.780666","0","8"],["4.735","515.563622","0","7"],["4.736","968.591552","0","8"],["4.737","1380.479294","0","11"]],"bids":[["4.731","139.616135","0","2"],["4.73","455.068593","0","9"],["4.729","500.072245","0","8"],["4.728","380.999481","0","7"],["4.727","1044.391333","0","10"]],"instId":"ATOM-USDT","ts":"1722881601900","seqId":4656194385}]}
{"arg":{"channel":"books5","instId":"ATOM-USDT"},"data":[{"asks":[["4.733","161.86393","0","5"],["4.734","340.780666","0","8"],["4.735","515.563622","0","7"],["4.736","837.890248","0","7"],["4.737","1380.479294","0","11"]],"bids":[["4.731","139.616135","0","2"],["4.73","699.174772","0","12"],["4.729","472.223049","0","7"],["4.728","380.999481","0","7"],["4.727","1044.391333","0","10"]],"instId":"ATOM-USDT","ts":"1722881602000","seqId":4656194395}]}
{"arg":{"channel":"books5","instId":"ATOM-USDT"},"data":[{"asks":[["4.733","3.81393","0","1"],["4.734","238.475755","0","6"],["4.735","315.059865","0","7"],["4.736","943.423029","0","8"],["4.737","852.890026","0","10"]],"bids":[["4.732","120","0","2"],["4.731","461.901186","0","7"],["4.73","505.675023","0","9"],["4.729","472.223049","0","7"],["4.728","275.303508","0","6"]],"instId":"ATOM-USDT","ts":"1722881602100","seqId":4656194449}]}
{"arg":{"channel":"books5","instId":"ATOM-USDT"},"data":[{"asks":[["4.733","3.81393","0","1"],["4.734","138.475755","0","5"],["4.735","339.590064","0","8"],["4.736","943.423029","0","8"],["4.737","852.890026","0","10"]],"bids":[["4.732","120","0","2"],["4.731","461.901186","0","7"],["4.73","505.675023","0","9"],["4.729","982.791531","0","9"],["4.728","592.417164","0","7"]],"instId":"ATOM-USDT","ts":"1722881602200","seqId":4656194459}]}
{"arg":{"channel":"books5","instId":"ATOM-USDT"},"data":[{"asks":[["4.733","123.81393","0","3"],["4.734","163.005954","0","6"],["4.735","315.059865","0","7"],["4.736","943.423029","0","8"],["4.737","852.890026","0","10"]],"bids":[["4.731","394.540513","0","7"],["4.73","778.380728","0","9"],["4.729","982.791531","0","9"],["4.728","592.417164","0","7"],["4.727","1611.848954","0","11"]],"instId":"ATOM-USDT","ts":"1722881602300","seqId":4656194480}]}
{"arg":{"channel":"books5","instId":"ATOM-USDT"},"data":[{"asks":[["4.733","123.81393","0","3"],["4.734","163.005954","0","6"],["4.735","315.059865","0","7"],["4.736","943.423029","0","8"],["4.737","852.890026","0","10"]],"bids":[["4.731","412.233126","0","7"],["4.73","709.804708","0","8"],["4.729","577.897945","0","8"],["4.728","592.417164","0","7"],["4.727","1611.848954","0","11"]],"instId":"ATOM-USDT","ts":"1722881602400","seqId":4656194505}]}
{"arg":{"channel":"books5","instId":"ATOM-USDT"},"data":[{"asks":[["4.733","123.81393","0","3"],["4.734","163.005954","0","6"],["4.735","315.059865","0","7"],["4.736","943.423029","0","8"],["4.737","852.890026","0","10"]],"bids":[["4.731","384.38393","0","6"],["4.73","737.653904","0","9"],["4.729","577.897945","0","8"],["4.728","592.417164","0","7"],["4.727","1530.999501","0","10"]],"instId":"ATOM-USDT","ts":"1722881602600","seqId":4656194524}]}
{"arg":{"channel":"books5","instId":"ATOM-USDT"},"data":[{"asks":[["4.733","123.81393","0","3"],["4.734","163.005954","0","6"],["4.735","315.059865","0","7"],["4.736","943.423029","0","8"],["4.737","852.890026","0","10"]],"bids":[["4.731","315.337528","0","5"],["4.73","589.691198","0","9"],["4.729","525.060579","0","7"],["4.728","592.417164","0","7"],["4.727","1530.999501","0","10"]],"instId":"ATOM-USDT","ts":"1722881602700","seqId":4656194533}]}
{"arg":{"channel":"books5","instId":"ATOM-USDT"},"data":[{"asks":[["4.733","123.81393","0","3"],["4.734","163.005954","0","6"],["4.735","315.059865","0","7"],["4.736","943.423029","0","8"],["4.737","852.890026","0","10"]],"bids":[["4.731","443.186724","0","7"],["4.73","561.842002","0","8"],["4.729","525.060579","0","7"],["4.728","592.417164","0","7"],["4.727","1530.999501","0","10"]],"instId":"ATOM-USDT","ts":"1722881602800","seqId":4656194540}]}
{"arg":{"channel":"books5","instId":"ATOM-USDT"},"data":[{"asks":[["4.733","123.81393","0","3"],["4.734","123.899834","0","5"],["4.735","315.059865","0","7"],["4.736","943.423029","0","8"],["4.737","852.890026","0","10"]],"bids":[["4.731","443.186724","0","7"],["4.73","561.842002","0","8"],["4.729","525.060579","0","7"],["4.728","592.417164","0","7"],["4.727","1826.857489","0","11"]],"instId":"ATOM-USDT","ts":"1722881602900","seqId":4656194558}]}
{"arg":{"channel":"books5","instId":"ATOM-USDT"},"data":[{"asks":[["4.733","3.81393","0","1"],["4.734","123.899834","0","5"],["4.735","315.059865","0","7"],["4.736","943.423029","0","8"],["4.737","852.890026","0","10"]],"bids":[["4.732","120","0","2"],["4.731","565.726651","0","8"],["4.73","561.842002","0","8"],["4.729","525.060579","0","7"],["4.728","592.417164","0","7"]],"instId":"ATOM-USDT","ts":"1722881603000","seqId":4656194568}]}
{"arg":{"channel":"books5","instId":"ATOM-USDT"},"data":[{"asks":[["4.733","3.81393","0","1"],["4.734","61.469635","0","3"],["4.735","339.590064","0","8"],["4.736","943.423029","0","8"],["4.737","852.890026","0","10"]],"bids":[["4.732","120","0","2"],["4.731","565.876651","0","9"],["4.73","561.992002","0","9"],["4.729","1147.209842","0","10"],["4.728","592.417164","0","7"]],"instId":"ATOM-USDT","ts":"1722881603100","seqId":4656194582}]}
{"arg":{"channel":"books5","instId":"ATOM-USDT"},"data":[{"asks":[["4.733","3.81393","0","1"],["4.734","61.469635","0","3"],["4.735","339.590064","0","8"],["4.736","943.423029","0","8"],["4.737","852.890026","0","10"]],"bids":[["4.732","168.000674","0","3"],["4.731","565.876651","0","9"],["4.73","561.992002","0","9"],["4.729","1166.31495","0","10"],["4.728","592.417164","0","7"]],"instId":"ATOM-USDT","ts":"1722881603300","seqId":4656194605}]}
{"arg":{"channel":"books5","instId":"ATOM-USDT"},"data":[{"asks":[["4.733","3.81393","0","1"],["4.734","85.999834","0","4"],["4.735","315.059865","0","7"],["4.736","943.423029","0","8"],["4.737","852.890026","0","10"]],"bids":[["4.732","120","0","2"],["4.731","565.876651","0","9"],["4.73","561.992002","0","9"],["4.729","1571.378197","0","11"],["4.728","592.417164","0","7"]],"instId":"ATOM-USDT","ts":"1722881603400","seqId":4656194614}]}
{"arg":{"channel":"books5","instId":"ATOM-USDT"},"data":[{"asks":[["4.733","3.81393","0","1"],["4.734","61.469635","0","3"],["4.735","339.590064","0","8"],["4.736","943.423029","0","8"],["4.737","852.890026","0","10"]],"bids":[["4.732","120","0","2"],["4.731","565.876651","0","9"],["4.73","561.992002","0","9"],["4.729","1571.378197","0","11"],["4.728","603.765152","0","8"]],"instId":"ATOM-USDT","ts":"1722881603500","seqId":4656194621}]}
{"arg":{"channel":"books5","instId":"ATOM-USDT"},"data":[{"asks":[["4.733","3.81393","0","1"],["4.734","85.999834","0","4"],["4.735","315.059865","0","7"],["4.736","943.423029","0","8"],["4.737","852.890026","0","10"]],"bids":[["4.732","120","0","2"],["4.731","565.876651","0","9"],["4.73","561.992002","0","9"],["4.729","1566.719421","0","11"],["4.728","603.765152","0","8"]],"instId":"ATOM-USDT","ts":"1722881603700","seqId":4656194626}]}
{"arg":{"channel":"books5","instId":"ATOM-USDT"},"data":[{"asks":[["4.733","123.81393","0","3"],["4.734","85.999834","0","4"],["4.735","315.059865","0","7"],["4.736","943.423029","0","8"],["4.737","852.890026","0","10"]],"bids":[["4.731","565.876651","0","9"],["4.73","561.992002","0","9"],["4.729","1166.31495","0","10"],["4.728","592.417164","0","7"],["4.727","1400.298197","0","9"]],"instId":"ATOM-USDT","ts":"1722881604000","seqId":4656194669}]}
{"arg":{"channel":"books5","instId":"ATOM-USDT"},"data":[{"asks":[["4.733","123.81393","0","3"],["4.734","85.999834","0","4"],["4.735","315.059865","0","7"],["4.736","943.423029","0","8"],["4.737","852.890026","0","10"]],"bids":[["4.731","366.497598","0","6"],["4.73","589.841198","0","10"],["4.729","1166.31495","0","10"],["4.728","592.417164","0","7"],["4.727","1400.298197","0","9"]],"instId":"ATOM-USDT","ts":"1722881604100","seqId":4656194690}]}
{"arg":{"channel":"books5","instId":"ATOM-USDT"},"data":[{"asks":[["4.733","123.81393","0","3"],["4.734","85.999834","0","4"],["4.735","315.059865","0","7"],["4.736","943.423029","0","8"],["4.737","852.890026","0","10"]],"bids":[["4.731","286.881463","0","5"],["4.73","489.841198","0","9"],["4.729","1166.31495","0","10"],["4.728","592.417164","0","7"],["4.727","1400.298197","0","9"]],"instId":"ATOM-USDT","ts":"1722881604200","seqId":4656194697}]}
{"arg":{"channel":"books5","instId":"ATOM-USDT"},"data":[{"asks":[["4.733","186.244129","0","5"],["4.734","167.061214","0","4"],["4.735","315.059865","0","7"],["4.736","1154.47541","0","8"],["4.737","536.330982","0","9"]],"bids":[["4.731","120","0","2"],["4.73","470.75825","0","10"],["4.729","1060.640054","0","9"],["4.728","698.122146","0","8"],["4.727","883.040418","0","9"]],"instId":"ATOM-USDT","ts":"1722881604300","seqId":4656194745}]}
{"arg":{"channel":"books5","instId":"ATOM-USDT"},"data":[{"asks":[["4.733","123.81393","0","3"],["4.734","191.591413","0","5"],["4.735","315.059865","0","7"],["4.736","1154.47541","0","8"],["4.737","536.330982","0","9"]],"bids":[["4.731","192.838034","0","3"],["4.73","636.356977","0","11"],["4.729","1060.640054","0","9"],["4.728","698.122146","0","8"],["4.727","883.040418","0","9"]],"instId":"ATOM-USDT","ts":"1722881604400","seqId":4656194770}]}
{"arg":{"channel":"books5","instId":"ATOM-USDT"},"data":[{"asks":[["4.733","123.81393","0","3"],["4.734","191.591413","0","5"],["4.735","315.059865","0","7"],["4.736","1154.47541","0","8"],["4.737","536.330982","0","9"]],"bids":[["4.731","239.45472","0","4"],["4.73","636.356977","0","11"],["4.729","1060.640054","0","9"],["4.728","1083.50653","0","9"],["4.727","871.690029","0","8"]],"instId":"ATOM-USDT","ts":"1722881604500","seqId":4656194779}]}
{"arg":{"channel":"books5","instId":"ATOM-USDT"},"data":[{"asks":[["4.733","3.81393","0","1"],["4.734","229.491413","0","6"],["4.735","209.498315","0","6"],["4.736","1260.006209","0","9"],["4.737","536.330982","0","9"]],"bids":[["4.732","120","0","2"],["4.731","356.417931","0","5"],["4.73","608.507781","0","10"],["4.729","1060.640054","0","9"],["4.728","1083.50653","0","9"]],"instId":"ATOM-USDT","ts":"1722881604600","seqId":4656194810}]}
{"arg":{"channel":"books5","instId":"ATOM-USDT"},"data":[{"asks":[["4.733","123.81393","0","3"],["4.734","123.899834","0","5"],["4.735","315.059725","0","7"],["4.736","943.421047","0","8"],["4.737","536.330982","0","9"]],"bids":[["4.731","326.318476","0","5"],["4.73","502.84773","0","9"],["4.729","1166.316218","0","10"],["4.728","977.801548","0","8"],["4.727","871.690029","0","8"]],"instId":"ATOM-USDT","ts":"1722881604700","seqId":4656194836}]}
{"arg":{"channel":"books5","instId":"ATOM-USDT"},"data":[{"asks":[["4.733","123.81393","0","3"],["4.734","123.899834","0","5"],["4.735","315.059725","0","7"],["4.736","943.421047","0","8"],["4.737","536.330982","0","9"]],"bids":[["4.731","363.310031","0","5"],["4.73","630.696926","0","11"],["4.729","1166.316218","0","10"],["4.728","977.801548","0","8"],["4.727","871.690029","0","8"]],"instId":"ATOM-USDT","ts":"1722881604800","seqId":4656194840}]}
{"arg":{"channel":"books5","instId":"ATOM-USDT"},"data":[{"asks":[["4.733","123.81393","0","3"],["4.734","123.899834","0","5"],["4.735","315.059725","0","7"],["4.736","943.421047","0","8"],["4.737","536.330982","0","9"]],"bids":[["4.732","60","0","1"],["4.731","363.310031","0","5"],["4.73","630.696926","0","11"],["4.729","1166.316218","0","10"],["4.728","977.801548","0","8"]],"instId":"ATOM-USDT","ts":"1722881605000","seqId":4656194841}]}
{"arg":{"channel":"books5","instId":"ATOM-USDT"},"data":[{"asks":[["4.733","123.81393","0","3"],["4.734","123.899834","0","5"],["4.735","315.059725","0","7"],["4.736","943.421047","0","8"],["4.737","536.330982","0","9"]],"bids":[["4.732","60","0","1"],["4.731","500.831467","0","7"],["4.73","602.84773","0","10"],["4.729","1166.316218","0","10"],["4.728","977.801548","0","8"]],"instId":"ATOM-USDT","ts":"1722881605100","seqId":4656194846}]}
{"arg":{"channel":"books5","instId":"ATOM-USDT"},"data":[{"asks":[["4.733","123.81393","0","3"],["4.734","123.899834","0","5"],["4.735","315.059725","0","7"],["4.736","943.421047","0","8"],["4.737","751.701228","0","10"]],"bids":[["4.731","391.159227","0","6"],["4.73","602.84773","0","10"],["4.729","1166.316218","0","10"],["4.728","977.801548","0","8"],["4.727","871.690029","0","8"]],"instId":"ATOM-USDT","ts":"1722881605200","seqId":4656194853}]}
{"arg":{"channel":"books5","instId":"ATOM-USDT"},"data":[{"asks":[["4.733","123.81393","0","3"],["4.734","123.899834","0","5"],["4.735","315.059725","0","7"],["4.736","943.421047","0","8"],["4.737","751.701228","0","10"]],"bids":[["4.731","296.942286","0","4"],["4.73","652.714015","0","11"],["4.729","1166.316218","0","10"],["4.728","977.801548","0","8"],["4.727","871.690029","0","8"]],"instId":"ATOM-USDT","ts":"1722881605300","seqId":4656194875}]}
{"arg":{"channel":"books5","instId":"ATOM-USDT"},"data":[{"asks":[["4.733","3.81393","0","1"],["4.734","123.899834","0","5"],["4.735","315.059725","0","7"],["4.736","943.421047","0","8"],["4.737","751.678474","0","10"]],"bids":[["4.732","120","0","2"],["4.731","497.394264","0","7"],["4.73","624.864819","0","10"],["4.729","1166.316218","0","10"],["4.728","977.801548","0","8"]],"instId":"ATOM-USDT","ts":"1722881605400","seqId":4656194888}]}
{"arg":{"channel":"books5","instId":"ATOM-USDT"},"data":[{"asks":[["4.733","3.81393","0","1"],["4.734","99.369635","0","4"],["4.735","339.589924","0","8"],["4.736","943.421047","0","8"],["4.737","536.330982","0","9"]],"bids":[["4.732","120","0","2"],["4.731","497.394264","0","7"],["4.73","624.864819","0","10"],["4.729","1166.316218","0","10"],["4.728","977.801548","0","8"]],"instId":"ATOM-USDT","ts":"1722881605500","seqId":4656194911}]}
{"arg":{"channel":"books5","instId":"ATOM-USDT"},"data":[{"asks":[["4.733","3.81393","0","1"],["4.734","99.369635","0","4"],["4.735","339.589924","0","8"],["4.736","943.421047","0","8"],["4.737","536.330982","0","9"]],"bids":[["4.732","120","0","2"],["4.731","497.394264","0","7"],["4.73","624.864819","0","10"],["4.729","1549.373503","0","11"],["4.728","592.417164","0","7"]],"instId":"ATOM-USDT","ts":"1722881605600","seqId":4656194915}]}
{"arg":{"channel":"books5","instId":"ATOM-USDT"},"data":[{"asks":[["4.733","3.81393","0","1"],["4.734","1.469635","0","2"],["4.735","377.489924","0","9"],["4.736","943.421047","0","8"],["4.737","536.330982","0","9"]],"bids":[["4.732","216.301399","0","3"],["4.731","597.394264","0","8"],["4.73","624.864819","0","10"],["4.729","1549.373503","0","11"],["4.728","592.417164","0","7"]],"instId":"ATOM-USDT","ts":"1722881605800","seqId":4656194938}]}
{"arg":{"channel":"books5","instId":"ATOM-USDT"},"data":[{"asks":[["4.733","3.81393","0","1"],["4.734","0.15","0","1"],["4.735","377.489924","0","9"],["4.736","943.421047","0","8"],["4.737","536.330982","0","9"]],"bids":[["4.732","120","0","2"],["4.731","597.394264","0","8"],["4.73","624.864819","0","10"],["4.729","1549.373503","0","11"],["4.728","592.417164","0","7"]],"instId":"ATOM-USDT","ts":"1722881605900","seqId":4656194942}]}
{"arg":{"channel":"books5","instId":"ATOM-USDT"},"data":[{"asks":[["4.733","5.133565","0","2"],["4.734","0.15","0","1"],["4.735","377.489924","0","9"],["4.736","943.421047","0","8"],["4.737","536.330982","0","9"]],"bids":[["4.732","174.753418","0","3"],["4.731","597.544264","0","9"],["4.73","624.864819","0","10"],["4.729","1549.373503","0","11"],["4.728","592.417164","0","7"]],"instId":"ATOM-USDT","ts":"1722881606000","seqId":4656194950}]}
{"arg":{"channel":"books5","instId":"ATOM-USDT"},"data":[{"asks":[["4.733","5.133565","0","2"],["4.734","0.15","0","1"],["4.735","377.489924","0","9"],["4.736","943.421047","0","8"],["4.737","536.330982","0","9"]],"bids":[["4.732","120","0","2"],["4.731","597.544264","0","9"],["4.73","624.864819","0","10"],["4.729","1549.373503","0","11"],["4.728","592.417164","0","7"]],"instId":"ATOM-USDT","ts":"1722881606100","seqId":4656194952}]}
{"arg":{"channel":"books5","instId":"ATOM-USDT"},"data":[{"asks":[["4.733","5.133565","0","2"],["4.734","0.15","0","1"],["4.735","377.489924","0","9"],["4.736","943.421047","0","8"],["4.737","536.330982","0","9"]],"bids":[["4.732","167.184159","0","3"],["4.731","597.544264","0","9"],["4.73","624.864819","0","10"],["4.729","1549.373503","0","11"],["4.728","592.417164","0","7"]],"instId":"ATOM-USDT","ts":"1722881606400","seqId":4656194957}]}
{"arg":{"channel":"books5","instId":"ATOM-USDT"},"data":[{"asks":[["4.733","5.133565","0","2"],["4.734","0.15","0","1"],["4.735","377.489924","0","9"],["4.736","943.421047","0","8"],["4.737","536.330982","0","9"]],"bids":[["4.732","120","0","2"],["4.731","597.544264","0","9"],["4.73","624.864819","0","10"],["4.729","1549.373503","0","11"],["4.728","592.417164","0","7"]],"instId":"ATOM-USDT","ts":"1722881606500","seqId":4656194966}]}
{"arg":{"channel":"books5","instId":"ATOM-USDT"},"data":[{"asks":[["4.733","0.000065","0","1"],["4.735","122.730199","0","5"],["4.736","357.126685","0","7"],["4.737","405.629678","0","8"],["4.738","1230.432403","0","10"]],"bids":[["4.732","422.007519","0","6"],["4.731","613.153255","0","9"],["4.73","836.168406","0","12"],["4.729","1377.647764","0","10"],["4.728","723.118468","0","8"]],"instId":"ATOM-USDT","ts":"1722881606600","seqId":4656195025}]}
{"arg":{"channel":"books5","instId":"ATOM-USDT"},"data":[{"asks":[["4.733","0.000065","0","1"],["4.735","98.2","0","4"],["4.736","381.656884","0","8"],["4.737","405.629678","0","8"],["4.738","1230.432403","0","10"]],"bids":[["4.732","511.65763","0","8"],["4.731","662.033915","0","9"],["4.73","720.423808","0","10"],["4.729","1757.342667","0","11"],["4.728","723.118468","0","8"]],"instId":"ATOM-USDT","ts":"1722881606700","seqId":4656195046}]}
{"arg":{"channel":"books5","instId":"ATOM-USDT"},"data":[{"asks":[["4.733","0.000065","0","1"],["4.735","98.2","0","4"],["4.736","381.656884","0","8"],["4.737","405.629678","0","8"],["4.738","1230.432403","0","10"]],"bids":[["4.732","704.520872","0","10"],["4.731","662.033915","0","9"],["4.73","720.423808","0","10"],["4.729","1388.993353","0","11"],["4.728","723.118468","0","8"]],"instId":"ATOM-USDT","ts":"1722881606800","seqId":4656195065}]}
{"arg":{"channel":"books5","instId":"ATOM-USDT"},"data":[{"asks":[["4.733","0.000065","0","1"],["4.735","122.730199","0","5"],["4.736","357.126685","0","7"],["4.737","405.629678","0","8"],["4.738","1230.432403","0","10"]],"bids":[["4.732","642.420872","0","10"],["4.731","662.033915","0","9"],["4.73","720.423808","0","10"],["4.729","1377.647764","0","10"],["4.728","723.118468","0","8"]],"instId":"ATOM-USDT","ts":"1722881606900","seqId":4656195082}]}
{"arg":{"channel":"books5","instId":"ATOM-USDT"},"data":[{"asks":[["4.733","0.000065","0","1"],["4.735","122.730199","0","5"],["4.736","357.126685","0","7"],["4.737","405.629678","0","8"],["4.738","1230.432403","0","10"]],"bids":[["4.732","549.55763","0","9"],["4.731","609.207714","0","8"],["4.73","720.423808","0","10"],["4.729","1388.430826","0","11"],["4.728","828.585687","0","9"]],"instId":"ATOM-USDT","ts":"1722881607000","seqId":4656195088}]}
{"arg":{"channel":"books5","instId":"ATOM-USDT"},"data":[{"asks":[["4.733","0.000065","0","1"],["4.736","303.93389","0","7"],["4.737","359.321626","0","7"],["4.738","702.822963","0","7"],["4.739","1260.933318","0","7"]],"bids":[["4.732","1105.998847","0","12"],["4.731","973.076752","0","12"],["4.73","889.684414","0","13"],["4.729","1295.535532","0","9"],["4.728","934.423275","0","9"]],"instId":"ATOM-USDT","ts":"1722881607100","seqId":4656195161}]}
{"arg":{"channel":"books5","instId":"ATOM-USDT"},"data":[{"asks":[["4.733","0.000065","0","1"],["4.736","264.82777","0","6"],["4.737","359.321626","0","7"],["4.738","702.822963","0","7"],["4.739","1260.933318","0","7"]],"bids":[["4.732","1396.739431","0","15"],["4.731","1688.672972","0","15"],["4.73","1362.784222","0","15"],["4.729","896.565873","0","8"],["4.728","1081.053977","0","10"]],"instId":"ATOM-USDT","ts":"1722881607200","seqId":4656195190}]}
{"arg":{"channel":"books5","instId":"ATOM-USDT"},"data":[{"asks":[["4.733","0.000065","0","1"],["4.736","264.82777","0","6"],["4.737","359.321626","0","7"],["4.738","702.822963","0","7"],["4.739","1260.933318","0","7"]],"bids":[["4.732","1396.739431","0","15"],["4.731","1308.978069","0","14"],["4.73","1362.784222","0","15"],["4.729","896.565873","0","8"],["4.728","1081.053977","0","10"]],"instId":"ATOM-USDT","ts":"1722881607300","seqId":4656195194}]}
{"arg":{"channel":"books5","instId":"ATOM-USDT"},"data":[{"asks":[["4.733","0.000065","0","1"],["4.736","264.82777","0","6"],["4.737","359.321626","0","7"],["4.738","702.822963","0","7"],["4.739","1260.933318","0","7"]],"bids":[["4.732","1396.739431","0","15"],["4.731","1688.672972","0","15"],["4.73","1362.784222","0","15"],["4.729","896.565873","0","8"],["4.728","1081.053977","0","10"]],"instId":"ATOM-USDT","ts":"1722881607400","seqId":4656195196}]}
{"arg":{"channel":"books5","instId":"ATOM-USDT"},"data":[{"asks":[["4.736","164.82777","0","5"],["4.737","359.321626","0","7"],["4.738","300.115422","0","6"],["4.739","1260.933318","0","7"],["4.74","757.503959","0","6"]],"bids":[["4.733","132.70113","0","2"],["4.732","1396.739431","0","15"],["4.731","1688.672972","0","15"],["4.73","1362.784222","0","15"],["4.729","896.565873","0","8"]],"instId":"ATOM-USDT","ts":"1722881607500","seqId":4656195210}]}
{"arg":{"channel":"books5","instId":"ATOM-USDT"},"data":[{"asks":[["4.735","120","0","2"],["4.736","200.297571","0","5"],["4.737","393.94402","0","9"],["4.738","405.712042","0","7"],["4.739","1709.845487","0","8"]],"bids":[["4.734","120","0","2"],["4.733","577.557136","0","7"],["4.732","1042.843959","0","12"],["4.731","1248.978069","0","13"],["4.73","1362.784222","0","15"]],"instId":"ATOM-USDT","ts":"1722881607600","seqId":4656195257}]}
{"arg":{"channel":"books5","instId":"ATOM-USDT"},"data":[{"asks":[["4.735","120","0","2"],["4.736","224.82777","0","6"],["4.737","369.413821","0","8"],["4.738","405.712042","0","7"],["4.739","1709.845487","0","8"]],"bids":[["4.734","60","0","1"],["4.733","577.557136","0","7"],["4.732","813.641458","0","11"],["4.731","1037.673263","0","11"],["4.73","1257.131819","0","14"]],"instId":"ATOM-USDT","ts":"1722881607700","seqId":4656195269}]}
{"arg":{"channel":"books5","instId":"ATOM-USDT"},"data":[{"asks":[["4.735","120","0","2"],["4.736","224.82777","0","6"],["4.737","369.413821","0","8"],["4.738","505.712042","0","8"],["4.739","696.035487","0","7"]],"bids":[["4.734","120","0","2"],["4.733","577.557136","0","7"],["4.732","813.641458","0","11"],["4.731","1456.367484","0","12"],["4.73","1257.131819","0","14"]],"instId":"ATOM-USDT","ts":"1722881607800","seqId":4656195277}]}
{"arg":{"channel":"books5","instId":"ATOM-USDT"},"data":[{"asks":[["4.735","60","0","1"],["4.736","224.82777","0","6"],["4.737","369.413821","0","8"],["4.738","505.712042","0","8"],["4.739","696.035487","0","7"]],"bids":[["4.734","120","0","2"],["4.733","577.557136","0","7"],["4.732","813.641458","0","11"],["4.731","1403.541283","0","11"],["4.73","1257.131819","0","14"]],"instId":"ATOM-USDT","ts":"1722881607900","seqId":4656195283}]}
{"arg":{"channel":"books5","instId":"ATOM-USDT"},"data":[{"asks":[["4.736","224.82777","0","6"],["4.737","369.413821","0","8"],["4.738","505.712042","0","8"],["4.739","696.035487","0","7"],["4.74","972.344281","0","7"]],"bids":[["4.734","120","0","2"],["4.733","577.557136","0","7"],["4.732","813.641458","0","11"],["4.731","1403.541283","0","11"],["4.73","1257.131819","0","14"]],"instId":"ATOM-USDT","ts":"1722881608000","seqId":4656195287}]}
{"arg":{"channel":"books5","instId":"ATOM-USDT"},"data":[{"asks":[["4.735","60","0","1"],["4.736","182.580199","0","5"],["4.737","369.413821","0","8"],["4.738","505.712042","0","8"],["4.739","696.035487","0","7"]],"bids":[["4.734","120","0","2"],["4.733","577.557136","0","7"],["4.732","813.641458","0","11"],["4.731","984.847062","0","10"],["4.73","1257.131819","0","14"]],"instId":"ATOM-USDT","ts":"1722881608100","seqId":4656195304}]}
{"arg":{"channel":"books5","instId":"ATOM-USDT"},"data":[{"asks":[["4.735","120","0","2"],["4.736","182.580199","0","5"],["4.737","369.413821","0","8"],["4.738","505.712042","0","8"],["4.739","696.035487","0","7"]],"bids":[["4.733","235.682936","0","4"],["4.732","435.048437","0","9"],["4.731","984.847062","0","10"],["4.73","1257.131819","0","14"],["4.729","1381.349538","0","7"]],"instId":"ATOM-USDT","ts":"1722881608200","seqId":4656195330}]}
{"arg":{"channel":"books5","instId":"ATOM-USDT"},"data":[{"asks":[["4.735","120","0","2"],["4.736","182.580199","0","5"],["4.737","369.413821","0","8"],["4.738","505.712042","0","8"],["4.739","696.035487","0","7"]],"bids":[["4.734","60","0","1"],["4.733","235.682936","0","4"],["4.732","791.05925","0","11"],["4.731","1403.541283","0","11"],["4.73","1257.131819","0","14"]],"instId":"ATOM-USDT","ts":"1722881608300","seqId":4656195336}]}
{"arg":{"channel":"books5","instId":"ATOM-USDT"},"data":[{"asks":[["4.736","182.580199","0","5"],["4.737","369.413821","0","8"],["4.738","505.712042","0","8"],["4.739","696.035487","0","7"],["4.74","972.344281","0","7"]],"bids":[["4.734","120","0","2"],["4.733","263.682132","0","6"],["4.732","763.210054","0","10"],["4.731","1403.541283","0","11"],["4.73","1257.131819","0","14"]],"instId":"ATOM-USDT","ts":"1722881608400","seqId":4656195346}]}
{"arg":{"channel":"books5","instId":"ATOM-USDT"},"data":[{"asks":[["4.735","60","0","1"],["4.736","182.580199","0","5"],["4.737","369.413821","0","8"],["4.738","505.712042","0","8"],["4.739","696.035487","0","7"]],"bids":[["4.734","120","0","2"],["4.733","528.568966","0","7"],["4.732","763.210054","0","10"],["4.731","984.847062","0","10"],["4.73","1257.131819","0","14"]],"instId":"ATOM-USDT","ts":"1722881608600","seqId":4656195367}]}
{"arg":{"channel":"books5","instId":"ATOM-USDT"},"data":[{"asks":[["4.735","120","0","2"],["4.736","182.580199","0","5"],["4.737","369.413821","0","8"],["4.738","770.123383","0","9"],["4.739","247.123318","0","6"]],"bids":[["4.733","383.314942","0","5"],["4.732","791.05925","0","11"],["4.731","984.847062","0","10"],["4.73","1257.131819","0","14"],["4.729","698.23019","0","6"]],"instId":"ATOM-USDT","ts":"1722881608700","seqId":4656195386}]}
{"arg":{"channel":"books5","instId":"ATOM-USDT"},"data":[{"asks":[["4.735","144.530199","0","3"],["4.736","258.05","0","5"],["4.737","369.413821","0","8"],["4.738","770.123383","0","9"],["4.739","431.624143","0","7"]],"bids":[["4.733","235.682936","0","4"],["4.732","561.136615","0","8"],["4.731","984.847062","0","10"],["4.73","1195.858133","0","13"],["4.729","698.23019","0","6"]],"instId":"ATOM-USDT","ts":"1722881608800","seqId":4656195407}]}
{"arg":{"channel":"books5","instId":"ATOM-USDT"},"data":[{"asks":[["4.735","120","0","2"],["4.736","282.580199","0","6"],["4.737","369.413821","0","8"],["4.738","770.123383","0","9"],["4.739","431.624143","0","7"]],"bids":[["4.733","235.682936","0","4"],["4.732","441.267955","0","8"],["4.731","932.020861","0","9"],["4.73","1195.858133","0","13"],["4.729","1467.89101","0","8"]],"instId":"ATOM-USDT","ts":"1722881608900","seqId":4656195424}]}
{"arg":{"channel":"books5","instId":"ATOM-USDT"},"data":[{"asks":[["4.735","120","0","2"],["4.736","282.580199","0","6"],["4.737","369.413821","0","8"],["4.738","770.123383","0","9"],["4.739","645.45077","0","8"]],"bids":[["4.733","235.682936","0","4"],["4.732","671.207856","0","9"],["4.731","1353.448332","0","10"],["4.73","1195.858133","0","13"],["4.729","1467.89101","0","8"]],"instId":"ATOM-USDT","ts":"1722881609000","seqId":4656195429}]}
{"arg":{"channel":"books5","instId":"ATOM-USDT"},"data":[{"asks":[["4.734","120","0","2"],["4.735","288.049125","0","5"],["4.736","265.689075","0","4"],["4.737","263.898315","0","7"],["4.738","875.61236","0","10"]],"bids":[["4.732","426.784203","0","7"],["4.731","695.686618","0","7"],["4.73","1248.685091","0","13"],["4.729","1172.095532","0","7"],["4.728","980.748484","0","9"]],"instId":"ATOM-USDT","ts":"1722881609100","seqId":4656195484}]}
{"arg":{"channel":"books5","instId":"ATOM-USDT"},"data":[{"asks":[["4.734","120","0","2"],["4.735","327.155245","0","6"],["4.736","265.689075","0","4"],["4.737","263.898315","0","7"],["4.738","875.61236","0","10"]],"bids":[["4.732","401.612931","0","7"],["4.731","784.435814","0","9"],["4.73","1564.460159","0","13"],["4.729","1172.095532","0","7"],["4.728","1076.118703","0","10"]],"instId":"ATOM-USDT","ts":"1722881609200","seqId":4656195513}]}
{"arg":{"channel":"books5","instId":"ATOM-USDT"},"data":[{"asks":[["4.734","120","0","2"],["4.735","327.155245","0","6"],["4.736","265.689075","0","4"],["4.737","755.523585","0","8"],["4.738","741.902323","0","10"]],"bids":[["4.732","401.612931","0","7"],["4.731","579.235801","0","8"],["4.73","1141.853254","0","11"],["4.729","1172.095532","0","7"],["4.728","1604.622761","0","11"]],"instId":"ATOM-USDT","ts":"1722881609300","seqId":4656195536}]}
{"arg":{"channel":"books5","instId":"ATOM-USDT"},"data":[{"asks":[["4.734","120","0","2"],["4.735","327.155245","0","6"],["4.736","265.689075","0","4"],["4.737","755.523585","0","8"],["4.738","741.902323","0","10"]],"bids":[["4.732","380.092714","0","7"],["4.731","579.235801","0","8"],["4.73","720.425783","0","10"],["4.729","1172.095532","0","7"],["4.728","1739.349731","0","11"]],"instId":"ATOM-USDT","ts":"1722881609400","seqId":4656195552}]}
{"arg":{"channel":"books5","instId":"ATOM-USDT"},"data":[{"asks":[["4.733","60","0","1"],["4.734","182.430199","0","4"],["4.735","370.436053","0","6"],["4.736","199.25612","0","4"],["4.737","861.034483","0","9"]],"bids":[["4.732","60","0","1"],["4.731","710.246257","0","9"],["4.73","756.353603","0","12"],["4.729","1637.912884","0","8"],["4.728","717.230471","0","7"]],"instId":"ATOM-USDT","ts":"1722881609500","seqId":4656195614}]}
{"arg":{"channel":"books5","instId":"ATOM-USDT"},"data":[{"asks":[["4.733","60","0","1"],["4.734","182.430199","0","4"],["4.735","370.436053","0","6"],["4.736","199.25612","0","4"],["4.737","861.034483","0","9"]],"bids":[["4.732","120","0","2"],["4.731","738.095453","0","10"],["4.73","675.672624","0","10"],["4.729","1637.912884","0","8"],["4.728","717.230471","0","7"]],"instId":"ATOM-USDT","ts":"1722881609600","seqId":4656195630}]}
{"arg":{"channel":"books5","instId":"ATOM-USDT"},"data":[{"asks":[["4.734","157.9","0","3"],["4.735","394.966252","0","7"],["4.736","199.25612","0","4"],["4.737","861.034483","0","9"],["4.738","1166.714205","0","11"]],"bids":[["4.732","220","0","3"],["4.731","658.621088","0","9"],["4.73","675.672624","0","10"],["4.729","1637.912884","0","8"],["4.728","927.186101","0","8"]],"instId":"ATOM-USDT","ts":"1722881609700","seqId":4656195648}]}
{"arg":{"channel":"books5","instId":"ATOM-USDT"},"data":[{"asks":[["4.734","120","0","2"],["4.735","355.860132","0","6"],["4.736","199.25612","0","4"],["4.737","861.034483","0","9"],["4.738","952.887578","0","10"]],"bids":[["4.732","372.721466","0","4"],["4.731","658.621088","0","9"],["4.73","675.672624","0","10"],["4.729","1743.59514","0","9"],["4.728","611.541613","0","6"]],"instId":"ATOM-USDT","ts":"1722881609800","seqId":4656195662}]}
{"arg":{"channel":"books5","instId":"ATOM-USDT"},"data":[{"asks":[["4.733","120","0","2"],["4.734","144.530199","0","3"],["4.735","271.329933","0","4"],["4.736","199.25612","0","4"],["4.737","861.034483","0","9"]],"bids":[["4.732","60","0","1"],["4.731","658.771088","0","10"],["4.73","675.672624","0","10"],["4.729","1743.59514","0","9"],["4.728","611.541613","0","6"]],"instId":"ATOM-USDT","ts":"1722881609900","seqId":4656195687}]}
{"arg":{"channel":"books5","instId":"ATOM-USDT"},"data":[{"asks":[["4.733","60","0","1"],["4.734","183.636319","0","4"],["4.735","271.329933","0","4"],["4.736","199.25612","0","4"],["4.737","861.034483","0","9"]],"bids":[["4.732","120","0","2"],["4.731","658.771088","0","10"],["4.73","675.672624","0","10"],["4.729","1838.062918","0","10"],["4.728","611.541613","0","6"]],"instId":"ATOM-USDT","ts":"1722881610000","seqId":4656195712}]}
{"arg":{"channel":"books5","instId":"ATOM-USDT"},"data":[{"asks":[["4.733","120","0","2"],["4.734","183.636319","0","4"],["4.735","271.329933","0","4"],["4.736","199.25612","0","4"],["4.737","861.034483","0","9"]],"bids":[["4.732","120","0","2"],["4.731","658.771088","0","10"],["4.73","675.672624","0","10"],["4.729","1838.062918","0","10"],["4.728","611.541613","0","6"]],"instId":"ATOM-USDT","ts":"1722881610100","seqId":4656195719}]}
{"arg":{"channel":"books5","instId":"ATOM-USDT"},"data":[{"asks":[["4.733","120","0","2"],["4.734","183.636319","0","4"],["4.735","271.329933","0","4"],["4.736","199.25612","0","4"],["4.737","861.034483","0","9"]],"bids":[["4.731","478.670617","0","8"],["4.73","675.672624","0","10"],["4.729","1838.062918","0","10"],["4.728","611.541613","0","6"],["4.727","680.602323","0","5"]],"instId":"ATOM-USDT","ts":"1722881610200","seqId":4656195734}]}
{"arg":{"channel":"books5","instId":"ATOM-USDT"},"data":[{"asks":[["4.733","120","0","2"],["4.734","183.636319","0","4"],["4.735","271.329933","0","4"],["4.736","199.25612","0","4"],["4.737","861.034483","0","9"]],"bids":[["4.731","498.596711","0","8"],["4.73","703.52182","0","11"],["4.729","1838.062918","0","10"],["4.728","611.541613","0","6"],["4.727","680.602323","0","5"]],"instId":"ATOM-USDT","ts":"1722881610300","seqId":4656195742}]}
{"arg":{"channel":"books5","instId":"ATOM-USDT"},"data":[{"asks":[["4.734","183.636319","0","4"],["4.735","271.329933","0","4"],["4.736","199.25612","0","4"],["4.737","861.034483","0","9"],["4.738","1166.691616","0","11"]],"bids":[["4.732","120","0","2"],["4.731","645.527318","0","9"],["4.73","703.52182","0","11"],["4.729","1838.062918","0","10"],["4.728","611.541613","0","6"]],"instId":"ATOM-USDT","ts":"1722881610400","seqId":4656195753}]}
{"arg":{"channel":"books5","instId":"ATOM-USDT"},"data":[{"asks":[["4.733","120","0","2"],["4.734","183.636319","0","4"],["4.735","271.329933","0","4"],["4.736","199.25612","0","4"],["4.737","861.034483","0","9"]],"bids":[["4.732","120","0","2"],["4.731","673.376514","0","10"],["4.73","675.672624","0","10"],["4.729","1838.062918","0","10"],["4.728","611.541613","0","6"]],"instId":"ATOM-USDT","ts":"1722881610500","seqId":4656195764}]}
{"arg":{"channel":"books5","instId":"ATOM-USDT"},"data":[{"asks":[["4.733","120","0","2"],["4.734","183.636319","0","4"],["4.735","271.329933","0","4"],["4.736","199.25612","0","4"],["4.737","861.034483","0","9"]],"bids":[["4.731","426.445907","0","8"],["4.73","675.672624","0","10"],["4.729","1838.062918","0","10"],["4.728","611.541613","0","6"],["4.727","680.602323","0","5"]],"instId":"ATOM-USDT","ts":"1722881610600","seqId":4656195776}]}
{"arg":{"channel":"books5","instId":"ATOM-USDT"},"data":[{"asks":[["4.733","120","0","2"],["4.734","283.636319","0","5"],["4.735","271.329933","0","4"],["4.736","661.017641","0","5"],["4.737","369.409213","0","8"]],"bids":[["4.731","398.596711","0","7"],["4.73","703.52182","0","11"],["4.729","1838.062918","0","10"],["4.728","611.541613","0","6"],["4.727","680.602323","0","5"]],"instId":"ATOM-USDT","ts":"1722881610700","seqId":4656195785}]}
{"arg":{"channel":"books5","instId":"ATOM-USDT"},"data":[{"asks":[["4.733","120","0","2"],["4.734","283.636319","0","5"],["4.735","271.329933","0","4"],["4.736","661.017641","0","5"],["4.737","369.409213","0","8"]],"bids":[["4.731","426.445907","0","8"],["4.73","675.672624","0","10"],["4.729","1682.162918","0","9"],["4.728","611.541613","0","6"],["4.727","1132.360311","0","7"]],"instId":"ATOM-USDT","ts":"1722881610800","seqId":4656195809}]}
{"arg":{"channel":"books5","instId":"ATOM-USDT"},"data":[{"asks":[["4.733","120","0","2"],["4.734","283.636319","0","5"],["4.735","271.329933","0","4"],["4.736","661.017641","0","5"],["4.737","369.409213","0","8"]],"bids":[["4.731","398.596711","0","7"],["4.73","756.353603","0","12"],["4.729","1703.09495","0","9"],["4.728","611.541613","0","6"],["4.727","836.502323","0","6"]],"instId":"ATOM-USDT","ts":"1722881610900","seqId":4656195828}]}
{"arg":{"channel":"books5","instId":"ATOM-USDT"},"data":[{"asks":[["4.733","120","0","2"],["4.734","283.636319","0","5"],["4.735","271.329933","0","4"],["4.736","661.017641","0","5"],["4.737","369.409213","0","8"]],"bids":[["4.731","350.821421","0","6"],["4.73","756.353603","0","12"],["4.729","1260.735447","0","8"],["4.728","611.541613","0","6"],["4.727","836.502323","0","6"]],"instId":"ATOM-USDT","ts":"1722881611000","seqId":4656195856}]}
{"arg":{"channel":"books5","instId":"ATOM-USDT"},"data":[{"asks":[["4.733","120","0","2"],["4.734","283.636319","0","5"],["4.735","271.329933","0","4"],["4.736","661.017641","0","5"],["4.737","369.409213","0","8"]],"bids":[["4.731","441.435464","0","8"],["4.73","728.504407","0","11"],["4.729","1703.09495","0","9"],["4.728","611.541613","0","6"],["4.727","836.502323","0","6"]],"instId":"ATOM-USDT","ts":"1722881611400","seqId":4656195872}]}
{"arg":{"channel":"books5","instId":"ATOM-USDT"},"data":[{"asks":[["4.733","120","0","2"],["4.734","283.636319","0","5"],["4.735","271.329933","0","4"],["4.736","661.017641","0","5"],["4.737","369.409213","0","8"]],"bids":[["4.731","413.586268","0","7"],["4.73","756.353603","0","12"],["4.729","1703.09495","0","9"],["4.728","611.541613","0","6"],["4.727","1132.360311","0","7"]],"instId":"ATOM-USDT","ts":"1722881611500","seqId":4656195889}]}
{"arg":{"channel":"books5","instId":"ATOM-USDT"},"data":[{"asks":[["4.733","120","0","2"],["4.734","283.636319","0","5"],["4.735","271.329933","0","4"],["4.736","661.017641","0","5"],["4.737","369.409213","0","8"]],"bids":[["4.731","413.586268","0","7"],["4.73","756.353603","0","12"],["4.729","1703.09495","0","9"],["4.728","611.541613","0","6"],["4.727","836.502323","0","6"]],"instId":"ATOM-USDT","ts":"1722881611600","seqId":4656195897}]}
{"arg":{"channel":"books5","instId":"ATOM-USDT"},"data":[{"asks":[["4.733","120","0","2"],["4.734","283.636319","0","5"],["4.735","371.329933","0","5"],["4.736","661.017641","0","5"],["4.737","369.409213","0","8"]],"bids":[["4.731","441.435464","0","8"],["4.73","728.504407","0","11"],["4.729","1703.09495","0","9"],["4.728","611.541613","0","6"],["4.727","1132.360311","0","7"]],"instId":"ATOM-USDT","ts":"1722881611700","seqId":4656195906}]}
{"arg":{"channel":"books5","instId":"ATOM-USDT"},"data":[{"asks":[["4.733","120","0","2"],["4.734","283.636319","0","5"],["4.735","371.329933","0","5"],["4.736","661.017641","0","5"],["4.737","369.409213","0","8"]],"bids":[["4.731","413.586268","0","7"],["4.73","756.353603","0","12"],["4.729","1721.141951","0","9"],["4.728","611.541613","0","6"],["4.727","836.502323","0","6"]],"instId":"ATOM-USDT","ts":"1722881611800","seqId":4656195915}]}
{"arg":{"channel":"books5","instId":"ATOM-USDT"},"data":[{"asks":[["4.733","120","0","2"],["4.734","283.636319","0","5"],["4.735","371.329933","0","5"],["4.736","661.017641","0","5"],["4.737","369.409213","0","8"]],"bids":[["4.731","413.586268","0","7"],["4.73","756.353603","0","12"],["4.729","1260.735447","0","8"],["4.728","611.541613","0","6"],["4.727","836.502323","0","6"]],"instId":"ATOM-USDT","ts":"1722881611900","seqId":4656195924}]}
{"arg":{"channel":"books5","instId":"ATOM-USDT"},"data":[{"asks":[["4.733","120","0","2"],["4.734","283.636319","0","5"],["4.735","371.329933","0","5"],["4.736","661.017641","0","5"],["4.737","369.409213","0","8"]],"bids":[["4.731","413.586268","0","7"],["4.73","756.353603","0","12"],["4.729","1721.141951","0","9"],["4.728","611.541613","0","6"],["4.727","836.502323","0","6"]],"instId":"ATOM-USDT","ts":"1722881612000","seqId":4656195927}]}
{"arg":{"channel":"books5","instId":"ATOM-USDT"},"data":[{"asks":[["4.734","159.10612","0","3"],["4.735","395.860132","0","6"],["4.736","199.25612","0","4"],["4.737","861.03449","0","9"],["4.738","952.887578","0","10"]],"bids":[["4.732","297.530954","0","4"],["4.731","611.092488","0","9"],["4.73","756.353603","0","12"],["4.729","1721.141951","0","9"],["4.728","611.541613","0","6"]],"instId":"ATOM-USDT","ts":"1722881612100","seqId":4656195959}]}
{"arg":{"channel":"books5","instId":"ATOM-USDT"},"data":[{"asks":[["4.734","120","0","2"],["4.735","395.860132","0","6"],["4.736","199.25612","0","4"],["4.737","861.03449","0","9"],["4.738","952.887578","0","10"]],"bids":[["4.732","295.163497","0","4"],["4.731","638.941684","0","10"],["4.73","728.504407","0","11"],["4.729","1721.141951","0","9"],["4.728","672.815299","0","7"]],"instId":"ATOM-USDT","ts":"1722881612200","seqId":4656195977}]}
{"arg":{"channel":"books5","instId":"ATOM-USDT"},"data":[{"asks":[["4.734","120","0","2"],["4.735","395.860132","0","6"],["4.736","199.25612","0","4"],["4.737","861.03449","0","9"],["4.738","952.887578","0","10"]],"bids":[["4.732","120","0","2"],["4.731","441.585464","0","9"],["4.73","728.504407","0","11"],["4.729","1721.141951","0","9"],["4.728","672.815299","0","7"]],"instId":"ATOM-USDT","ts":"1722881612300","seqId":4656195981}]}
{"arg":{"channel":"books5","instId":"ATOM-USDT"},"data":[{"asks":[["4.734","120","0","2"],["4.735","395.860132","0","6"],["4.736","199.25612","0","4"],["4.737","861.03449","0","9"],["4.738","952.887578","0","10"]],"bids":[["4.732","120","0","2"],["4.731","690.920706","0","11"],["4.73","728.504407","0","11"],["4.729","1721.141951","0","9"],["4.728","672.815299","0","7"]],"instId":"ATOM-USDT","ts":"1722881612700","seqId":4656195999}]}
{"arg":{"channel":"books5","instId":"ATOM-USDT"},"data":[{"asks":[["4.734","120","0","2"],["4.735","295.860132","0","5"],["4.736","199.25612","0","4"],["4.737","861.03449","0","9"],["4.738","1167.7279","0","11"]],"bids":[["4.732","314.729373","0","4"],["4.731","690.920706","0","11"],["4.73","728.504407","0","11"],["4.729","1721.141951","0","9"],["4.728","672.815299","0","7"]],"instId":"ATOM-USDT","ts":"1722881612800","seqId":4656196021}]}
{"arg":{"channel":"books5","instId":"ATOM-USDT"},"data":[{"asks":[["4.734","60","0","1"],["4.735","228.210282","0","5"],["4.736","304.791569","0","5"],["4.737","966.118732","0","9"],["4.738","1058.372922","0","11"]],"bids":[["4.732","358.815459","0","6"],["4.731","592.782987","0","7"],["4.73","755.705167","0","12"],["4.729","1721.141951","0","9"],["4.728","672.815299","0","7"]],"instId":"ATOM-USDT","ts":"1722881612900","seqId":4656196070}]}
{"arg":{"channel":"books5","instId":"ATOM-USDT"},"data":[{"asks":[["4.734","120","0","2"],["4.735","228.210282","0","5"],["4.736","304.791569","0","5"],["4.737","966.118732","0","9"],["4.738","1058.372922","0","11"]],"bids":[["4.732","358.815459","0","6"],["4.731","592.782987","0","7"],["4.73","755.705167","0","12"],["4.729","1721.141951","0","9"],["4.728","803.516603","0","8"]],"instId":"ATOM-USDT","ts":"1722881613000","seqId":4656196078}]}
{"arg":{"channel":"books5","instId":"ATOM-USDT"},"data":[{"asks":[["4.734","120","0","2"],["4.735","228.210282","0","5"],["4.736","304.791569","0","5"],["4.737","966.118732","0","9"],["4.738","1058.372922","0","11"]],"bids":[["4.732","330.966263","0","5"],["4.731","620.632183","0","8"],["4.73","755.705167","0","12"],["4.729","1721.141951","0","9"],["4.728","803.516603","0","8"]],"instId":"ATOM-USDT","ts":"1722881613100","seqId":4656196082}]}
{"arg":{"channel":"books5","instId":"ATOM-USDT"},"data":[{"asks":[["4.734","120","0","2"],["4.735","228.210282","0","5"],["4.736","304.791569","0","5"],["4.737","966.118732","0","9"],["4.738","1058.372922","0","11"]],"bids":[["4.732","397.898673","0","6"],["4.731","620.632183","0","8"],["4.73","755.705167","0","12"],["4.729","1721.141951","0","9"],["4.728","803.516603","0","8"]],"instId":"ATOM-USDT","ts":"1722881613200","seqId":4656196090}]}
{"arg":{"channel":"books5","instId":"ATOM-USDT"},"data":[{"asks":[["4.734","120","0","2"],["4.735","228.210282","0","5"],["4.736","304.791569","0","5"],["4.737","966.118732","0","9"],["4.738","1058.372922","0","11"]],"bids":[["4.732","330.966263","0","5"],["4.731","620.632183","0","8"],["4.73","755.705167","0","12"],["4.729","1721.141951","0","9"],["4.728","803.516603","0","8"]],"instId":"ATOM-USDT","ts":"1722881613300","seqId":4656196114}]}
{"arg":{"channel":"books5","instId":"ATOM-USDT"},"data":[{"asks":[["4.734","120","0","2"],["4.735","333.772779","0","6"],["4.736","199.25612","0","4"],["4.737","1071.631111","0","10"],["4.738","1167.7279","0","11"]],"bids":[["4.732","130.092195","0","3"],["4.731","726.25869","0","9"],["4.73","755.705167","0","12"],["4.729","1718.597263","0","9"],["4.728","672.815299","0","7"]],"instId":"ATOM-USDT","ts":"1722881613400","seqId":4656196154}]}
{"arg":{"channel":"books5","instId":"ATOM-USDT"},"data":[{"asks":[["4.734","120","0","2"],["4.735","333.772779","0","6"],["4.736","199.25612","0","4"],["4.737","1071.631111","0","10"],["4.738","1167.7279","0","11"]],"bids":[["4.732","239.893898","0","4"],["4.731","726.25869","0","9"],["4.73","755.705167","0","12"],["4.729","1718.597263","0","9"],["4.728","672.815299","0","7"]],"instId":"ATOM-USDT","ts":"1722881613500","seqId":4656196177}]}
{"arg":{"channel":"books5","instId":"ATOM-USDT"},"data":[{"asks":[["4.733","120","0","2"],["4.734","221.536319","0","5"],["4.735","376.983822","0","5"],["4.736","199.25612","0","4"],["4.737","1071.631111","0","10"]],"bids":[["4.731","484.21418","0","7"],["4.73","728.504407","0","11"],["4.729","1287.936207","0","9"],["4.728","672.815299","0","7"],["4.727","1245.860223","0","7"]],"instId":"ATOM-USDT","ts":"1722881613600","seqId":4656196213}]}
{"arg":{"channel":"books5","instId":"ATOM-USDT"},"data":[{"asks":[["4.733","60","0","1"],["4.734","321.536319","0","6"],["4.735","376.983822","0","5"],["4.736","690.881394","0","5"],["4.737","580.005834","0","9"]],"bids":[["4.732","120","0","2"],["4.731","456.364984","0","6"],["4.73","756.353603","0","12"],["4.729","1287.936207","0","9"],["4.728","672.815299","0","7"]],"instId":"ATOM-USDT","ts":"1722881613700","seqId":4656196239}]}
{"arg":{"channel":"books5","instId":"ATOM-USDT"},"data":[{"asks":[["4.733","120","0","2"],["4.734","321.686319","0","7"],["4.735","271.49258","0","5"],["4.736","690.881394","0","5"],["4.737","580.005834","0","9"]],"bids":[["4.732","60","0","1"],["4.731","602.199936","0","8"],["4.73","728.504407","0","11"],["4.729","1287.936207","0","9"],["4.728","672.815299","0","7"]],"instId":"ATOM-USDT","ts":"1722881613800","seqId":4656196271}]}
{"arg":{"channel":"books5","instId":"ATOM-USDT"},"data":[{"asks":[["4.733","60","0","1"],["4.734","321.686319","0","7"],["4.735","271.49258","0","5"],["4.736","690.881394","0","5"],["4.737","580.005834","0","9"]],"bids":[["4.732","120","0","2"],["4.731","602.199938","0","8"],["4.73","728.504407","0","11"],["4.729","1757.214897","0","10"],["4.728","672.815299","0","7"]],"instId":"ATOM-USDT","ts":"1722881613900","seqId":4656196289}]}
{"arg":{"channel":"books5","instId":"ATOM-USDT"},"data":[{"asks":[["4.734","182.580199","0","5"],["4.735","271.49258","0","5"],["4.736","690.881394","0","5"],["4.737","580.005834","0","9"],["4.738","1167.7279","0","11"]],"bids":[["4.732","120","0","2"],["4.731","602.199938","0","8"],["4.73","728.504407","0","11"],["4.729","1287.936207","0","9"],["4.728","672.815299","0","7"]],"instId":"ATOM-USDT","ts":"1722881614000","seqId":4656196301}]}
{"arg":{"channel":"books5","instId":"ATOM-USDT"},"data":[{"asks":[["4.733","60","0","1"],["4.734","158.05","0","4"],["4.735","296.022779","0","6"],["4.736","690.881394","0","5"],["4.737","580.005834","0","9"]],"bids":[["4.732","120","0","2"],["4.731","602.199938","0","8"],["4.73","728.504407","0","11"],["4.729","1757.214897","0","10"],["4.728","672.815299","0","7"]],"instId":"ATOM-USDT","ts":"1722881614100","seqId":4656196317}]}
{"arg":{"channel":"books5","instId":"ATOM-USDT"},"data":[{"asks":[["4.734","158.05","0","4"],["4.735","296.022779","0","6"],["4.736","690.881394","0","5"],["4.737","580.005834","0","9"],["4.738","952.887578","0","10"]],"bids":[["4.732","120","0","2"],["4.731","602.199938","0","8"],["4.73","728.504407","0","11"],["4.729","1757.214897","0","10"],["4.728","672.815299","0","7"]],"instId":"ATOM-USDT","ts":"1722881614200","seqId":4656196321}]}
{"arg":{"channel":"books5","instId":"ATOM-USDT"},"data":[{"asks":[["4.734","120.15","0","3"],["4.735","296.022779","0","6"],["4.736","690.881394","0","5"],["4.737","580.005834","0","9"],["4.738","952.887578","0","10"]],"bids":[["4.732","120","0","2"],["4.731","602.199938","0","8"],["4.73","728.504407","0","11"],["4.729","1757.214897","0","10"],["4.728","672.815299","0","7"]],"instId":"ATOM-USDT","ts":"1722881614300","seqId":4656196322}]}
{"arg":{"channel":"books5","instId":"ATOM-USDT"},"data":[{"asks":[["4.734","120.15","0","3"],["4.735","296.022779","0","6"],["4.736","199.25612","0","4"],["4.737","1071.631103","0","10"],["4.738","952.887578","0","10"]],"bids":[["4.732","303.22844","0","4"],["4.731","592.107743","0","7"],["4.73","728.504407","0","11"],["4.729","1757.214897","0","10"],["4.728","672.815299","0","7"]],"instId":"ATOM-USDT","ts":"1722881614500","seqId":4656196344}]}
{"arg":{"channel":"books5","instId":"ATOM-USDT"},"data":[{"asks":[["4.734","120.15","0","3"],["4.735","296.022779","0","6"],["4.736","199.25612","0","4"],["4.737","1071.631103","0","10"],["4.738","1167.7279","0","11"]],"bids":[["4.732","303.22844","0","4"],["4.731","592.107743","0","7"],["4.73","728.504407","0","11"],["4.729","1757.214897","0","10"],["4.728","672.815299","0","7"]],"instId":"ATOM-USDT","ts":"1722881614800","seqId":4656196365}]}
{"arg":{"channel":"books5","instId":"ATOM-USDT"},"data":[{"asks":[["4.735","296.022779","0","6"],["4.736","199.25612","0","4"],["4.737","1071.631103","0","10"],["4.738","952.887578","0","10"],["4.739","1370.284013","0","7"]],"bids":[["4.732","303.22844","0","4"],["4.731","592.107743","0","7"],["4.73","728.504407","0","11"],["4.729","1757.214897","0","10"],["4.728","672.815299","0","7"]],"instId":"ATOM-USDT","ts":"1722881614900","seqId":4656196370}]}
{"arg":{"channel":"books5","instId":"ATOM-USDT"},"data":[{"asks":[["4.734","60","0","1"],["4.735","122.580199","0","4"],["4.736","304.791495","0","5"],["4.737","966.118724","0","9"],["4.738","1058.372848","0","11"]],"bids":[["4.732","356.695282","0","6"],["4.731","458.78204","0","6"],["4.73","1170.21945","0","12"],["4.729","1757.214897","0","10"],["4.728","803.516603","0","8"]],"instId":"ATOM-USDT","ts":"1722881615000","seqId":4656196407}]}
{"arg":{"channel":"books5","instId":"ATOM-USDT"},"data":[{"asks":[["4.734","120","0","2"],["4.735","122.580199","0","4"],["4.736","304.791495","0","5"],["4.737","966.118724","0","9"],["4.738","1058.372848","0","11"]],"bids":[["4.732","328.846086","0","5"],["4.731","486.631236","0","7"],["4.73","1170.21945","0","12"],["4.729","2074.258132","0","11"],["4.728","486.402947","0","7"]],"instId":"ATOM-USDT","ts":"1722881615100","seqId":4656196416}]}
{"arg":{"channel":"books5","instId":"ATOM-USDT"},"data":[{"asks":[["4.734","60","0","1"],["4.735","122.580199","0","4"],["4.736","304.791495","0","5"],["4.737","966.118724","0","9"],["4.738","1058.372848","0","11"]],"bids":[["4.732","356.695282","0","6"],["4.731","458.78204","0","6"],["4.73","1170.21945","0","12"],["4.729","2074.258132","0","11"],["4.728","486.402947","0","7"]],"instId":"ATOM-USDT","ts":"1722881615200","seqId":4656196421}]}
{"arg":{"channel":"books5","instId":"ATOM-USDT"},"data":[{"asks":[["4.734","60","0","1"],["4.735","122.580199","0","4"],["4.736","304.791495","0","5"],["4.737","966.118724","0","9"],["4.738","1058.372848","0","11"]],"bids":[["4.732","356.695282","0","6"],["4.731","458.78204","0","6"],["4.73","1645.208645","0","13"],["4.729","896.592308","0","9"],["4.728","1393.362648","0","8"]],"instId":"ATOM-USDT","ts":"1722881615300","seqId":4656196436}]}
{"arg":{"channel":"books5","instId":"ATOM-USDT"},"data":[{"asks":[["4.734","60","0","1"],["4.735","122.580199","0","4"],["4.736","304.791495","0","5"],["4.737","966.118724","0","9"],["4.738","1058.372848","0","11"]],"bids":[["4.732","356.695282","0","6"],["4.731","874.969445","0","7"],["4.73","1203.493602","0","12"],["4.729","896.592308","0","9"],["4.728","1393.362651","0","8"]],"instId":"ATOM-USDT","ts":"1722881615400","seqId":4656196448}]}
{"arg":{"channel":"books5","instId":"ATOM-USDT"},"data":[{"asks":[["4.734","60","0","1"],["4.735","122.580199","0","4"],["4.736","304.791495","0","5"],["4.737","966.118724","0","9"],["4.738","1058.372848","0","11"]],"bids":[["4.732","587.876097","0","6"],["4.731","486.631236","0","7"],["4.73","728.504407","0","11"],["4.729","1979.585193","0","11"],["4.728","486.402947","0","7"]],"instId":"ATOM-USDT","ts":"1722881615500","seqId":4656196473}]}
{"arg":{"channel":"books5","instId":"ATOM-USDT"},"data":[{"asks":[["4.734","60","0","1"],["4.735","122.580199","0","4"],["4.736","304.791495","0","5"],["4.737","966.118724","0","9"],["4.738","1273.21317","0","12"]],"bids":[["4.732","328.846086","0","5"],["4.731","486.631236","0","7"],["4.73","728.504407","0","11"],["4.729","1979.585193","0","11"],["4.728","486.402947","0","7"]],"instId":"ATOM-USDT","ts":"1722881615600","seqId":4656196489}]}
{"arg":{"channel":"books5","instId":"ATOM-USDT"},"data":[{"asks":[["4.734","144.530199","0","3"],["4.735","203.609472","0","4"],["4.736","199.25612","0","4"],["4.737","1071.631833","0","10"],["4.738","1167.7279","0","11"]],"bids":[["4.732","130.092195","0","3"],["4.731","592.256435","0","8"],["4.73","728.504407","0","11"],["4.729","1341.219365","0","10"],["4.728","355.701643","0","6"]],"instId":"ATOM-USDT","ts":"1722881615700","seqId":4656196514}]}
{"arg":{"channel":"books5","instId":"ATOM-USDT"},"data":[{"asks":[["4.734","120","0","2"],["4.735","190.239671","0","4"],["4.736","690.881393","0","5"],["4.737","580.006564","0","9"],["4.738","1167.7279","0","11"]],"bids":[["4.732","130.092195","0","3"],["4.731","491.562355","0","8"],["4.73","728.504407","0","11"],["4.729","1832.649728","0","11"],["4.728","841.073936","0","7"]],"instId":"ATOM-USDT","ts":"1722881615800","seqId":4656196553}]}
{"arg":{"channel":"books5","instId":"ATOM-USDT"},"data":[{"asks":[["4.734","120","0","2"],["4.735","190.239671","0","4"],["4.736","690.881393","0","5"],["4.737","580.006564","0","9"],["4.738","1167.7279","0","11"]],"bids":[["4.732","130.092195","0","3"],["4.731","591.535947","0","9"],["4.73","728.504407","0","11"],["4.729","1832.649728","0","11"],["4.728","841.073936","0","7"]],"instId":"ATOM-USDT","ts":"1722881616000","seqId":4656196562}]}
{"arg":{"channel":"books5","instId":"ATOM-USDT"},"data":[{"asks":[["4.734","120","0","2"],["4.735","190.239671","0","4"],["4.736","690.881393","0","5"],["4.737","580.006564","0","9"],["4.738","952.887578","0","10"]],"bids":[["4.732","130.092195","0","3"],["4.731","591.535947","0","9"],["4.73","728.504407","0","11"],["4.729","1832.649728","0","11"],["4.728","841.073936","0","7"]],"instId":"ATOM-USDT","ts":"1722881616300","seqId":4656196569}]}
{"arg":{"channel":"books5","instId":"ATOM-USDT"},"data":[{"asks":[["4.734","120","0","2"],["4.735","190.239671","0","4"],["4.736","690.881393","0","5"],["4.737","580.006564","0","9"],["4.738","1167.7279","0","11"]],"bids":[["4.732","130.092195","0","3"],["4.731","591.535947","0","9"],["4.73","728.504407","0","11"],["4.729","1832.649728","0","11"],["4.728","841.073936","0","7"]],"instId":"ATOM-USDT","ts":"1722881616400","seqId":4656196570}]}
{"arg":{"channel":"books5","instId":"ATOM-USDT"},"data":[{"asks":[["4.733","60","0","1"],["4.734","144.530199","0","3"],["4.735","165.709472","0","3"],["4.736","690.881393","0","5"],["4.737","580.006564","0","9"]],"bids":[["4.732","130.092195","0","3"],["4.731","595.153147","0","8"],["4.73","728.504407","0","11"],["4.729","1832.649728","0","11"],["4.728","841.073936","0","7"]],"instId":"ATOM-USDT","ts":"1722881616800","seqId":4656196611}]}
{"arg":{"channel":"books5","instId":"ATOM-USDT"},"data":[{"asks":[["4.734","120","0","2"],["4.735","190.239671","0","4"],["4.736","690.881393","0","5"],["4.737","580.006564","0","9"],["4.738","952.887578","0","10"]],"bids":[["4.732","130.092195","0","3"],["4.731","595.153147","0","8"],["4.73","728.504407","0","11"],["4.729","1832.649728","0","11"],["4.728","841.073936","0","7"]],"instId":"ATOM-USDT","ts":"1722881616900","seqId":4656196634}]}
{"arg":{"channel":"books5","instId":"ATOM-USDT"},"data":[{"asks":[["4.734","60","0","1"],["4.735","84.680199","0","3"],["4.736","304.792877","0","5"],["4.737","966.118728","0","9"],["4.738","1058.375667","0","11"]],"bids":[["4.732","263.553965","0","5"],["4.731","585.821893","0","7"],["4.73","834.165707","0","12"],["4.729","1726.967472","0","10"],["4.728","1073.979762","0","9"]],"instId":"ATOM-USDT","ts":"1722881617000","seqId":4656196660}]}
{"arg":{"channel":"books5","instId":"ATOM-USDT"},"data":[{"asks":[["4.734","60","0","1"],["4.735","122.580199","0","4"],["4.736","304.792877","0","5"],["4.737","966.118728","0","9"],["4.738","1058.375667","0","11"]],"bids":[["4.732","456.694795","0","7"],["4.731","585.821893","0","7"],["4.73","834.165707","0","12"],["4.729","1726.967472","0","10"],["4.728","1073.979762","0","9"]],"instId":"ATOM-USDT","ts":"1722881617200","seqId":4656196675}]}
{"arg":{"channel":"books5","instId":"ATOM-USDT"},"data":[{"asks":[["4.734","60","0","1"],["4.735","122.580199","0","4"],["4.736","304.792877","0","5"],["4.737","966.118728","0","9"],["4.738","1058.375667","0","11"]],"bids":[["4.732","328.845599","0","5"],["4.731","613.671089","0","8"],["4.73","834.165707","0","12"],["4.729","1726.967472","0","10"],["4.728","971.77524","0","8"]],"instId":"ATOM-USDT","ts":"1722881617300","seqId":4656196689}]}
{"arg":{"channel":"books5","instId":"ATOM-USDT"},"data":[{"asks":[["4.734","120","0","2"],["4.735","122.580199","0","4"],["4.736","304.792877","0","5"],["4.737","966.118728","0","9"],["4.738","1273.215989","0","12"]],"bids":[["4.732","328.845599","0","5"],["4.731","585.821893","0","7"],["4.73","834.165707","0","12"],["4.729","1235.537109","0","9"],["4.728","1339.888004","0","8"]],"instId":"ATOM-USDT","ts":"1722881617500","seqId":4656196709}]}
{"arg":{"channel":"books5","instId":"ATOM-USDT"},"data":[{"asks":[["4.734","120","0","2"],["4.735","122.580199","0","4"],["4.736","304.792877","0","5"],["4.737","966.118728","0","9"],["4.738","1058.375667","0","11"]],"bids":[["4.732","328.845599","0","5"],["4.731","613.671089","0","8"],["4.73","834.165707","0","12"],["4.729","1235.537109","0","9"],["4.728","841.073936","0","7"]],"instId":"ATOM-USDT","ts":"1722881617600","seqId":4656196727}]}
{"arg":{"channel":"books5","instId":"ATOM-USDT"},"data":[{"asks":[["4.734","60","0","1"],["4.735","122.580199","0","4"],["4.736","304.792877","0","5"],["4.737","966.118728","0","9"],["4.738","1058.375667","0","11"]],"bids":[["4.732","328.845599","0","5"],["4.731","613.671089","0","8"],["4.73","1310.464229","0","13"],["4.729","1235.537109","0","9"],["4.728","1035.278458","0","8"]],"instId":"ATOM-USDT","ts":"1722881617700","seqId":4656196739}]}
{"arg":{"channel":"books5","instId":"ATOM-USDT"},"data":[{"asks":[["4.734","60","0","1"],["4.735","122.580199","0","4"],["4.736","304.792877","0","5"],["4.737","966.118728","0","9"],["4.738","1058.375667","0","11"]],"bids":[["4.732","328.845599","0","5"],["4.731","613.671089","0","8"],["4.73","1310.464229","0","13"],["4.729","1235.537109","0","9"],["4.728","1165.979762","0","9"]],"instId":"ATOM-USDT","ts":"1722881617800","seqId":4656196756}]}
{"arg":{"channel":"books5","instId":"ATOM-USDT"},"data":[{"asks":[["4.734","60","0","1"],["4.735","122.580199","0","4"],["4.736","304.792877","0","5"],["4.737","966.118728","0","9"],["4.738","1058.375667","0","11"]],"bids":[["4.732","356.694795","0","6"],["4.731","585.821893","0","7"],["4.73","834.165707","0","12"],["4.729","1235.537109","0","9"],["4.728","1165.979762","0","9"]],"instId":"ATOM-USDT","ts":"1722881617900","seqId":4656196763}]}
{"arg":{"channel":"books5","instId":"ATOM-USDT"},"data":[{"asks":[["4.734","60","0","1"],["4.735","122.580199","0","4"],["4.736","304.792877","0","5"],["4.737","966.118728","0","9"],["4.738","1058.375667","0","11"]],"bids":[["4.732","328.845599","0","5"],["4.731","613.671089","0","8"],["4.73","834.165707","0","12"],["4.729","1235.537109","0","9"],["4.728","971.77524","0","8"]],"instId":"ATOM-USDT","ts":"1722881618000","seqId":4656196771}]}
{"arg":{"channel":"books5","instId":"ATOM-USDT"},"data":[{"asks":[["4.734","120","0","2"],["4.735","122.580199","0","4"],["4.736","304.792877","0","5"],["4.737","966.118728","0","9"],["4.738","1058.375667","0","11"]],"bids":[["4.732","328.845599","0","5"],["4.731","613.671089","0","8"],["4.73","834.165707","0","12"],["4.729","1235.537109","0","9"],["4.728","971.77524","0","8"]],"instId":"ATOM-USDT","ts":"1722881618200","seqId":4656196780}]}
{"arg":{"channel":"books5","instId":"ATOM-USDT"},"data":[{"asks":[["4.734","120","0","2"],["4.735","122.580199","0","4"],["4.736","304.792877","0","5"],["4.737","966.118728","0","9"],["4.738","1058.375667","0","11"]],"bids":[["4.732","356.694795","0","6"],["4.731","585.821893","0","7"],["4.73","834.165707","0","12"],["4.729","1711.835631","0","10"],["4.728","993.278456","0","8"]],"instId":"ATOM-USDT","ts":"1722881618300","seqId":4656196795}]}
{"arg":{"channel":"books5","instId":"ATOM-USDT"},"data":[{"asks":[["4.734","120","0","2"],["4.735","122.580199","0","4"],["4.736","304.792877","0","5"],["4.737","966.118728","0","9"],["4.738","1058.375667","0","11"]],"bids":[["4.732","328.845599","0","5"],["4.731","613.671089","0","8"],["4.73","834.165707","0","12"],["4.729","1235.537109","0","9"],["4.728","971.77524","0","8"]],"instId":"ATOM-USDT","ts":"1722881618400","seqId":4656196804}]}
{"arg":{"channel":"books5","instId":"ATOM-USDT"},"data":[{"asks":[["4.734","120","0","2"],["4.735","228.141429","0","5"],["4.736","199.25612","0","4"],["4.737","1071.632588","0","10"],["4.738","952.887578","0","10"]],"bids":[["4.732","130.092195","0","3"],["4.731","595.163198","0","8"],["4.73","728.504407","0","11"],["4.729","1341.219791","0","10"],["4.728","841.073936","0","7"]],"instId":"ATOM-USDT","ts":"1722881618500","seqId":4656196816}]}
{"arg":{"channel":"books5","instId":"ATOM-USDT"},"data":[{"asks":[["4.733","120","0","2"],["4.734","221.536319","0","5"],["4.735","265.71123","0","4"],["4.736","199.25612","0","4"],["4.737","1071.632588","0","10"]],"bids":[["4.732","10.092195","0","1"],["4.731","404.759685","0","7"],["4.73","728.504407","0","11"],["4.729","1341.219791","0","10"],["4.728","841.073936","0","7"]],"instId":"ATOM-USDT","ts":"1722881618600","seqId":4656196830}]}
{"arg":{"channel":"books5","instId":"ATOM-USDT"},"data":[{"asks":[["4.733","120","0","2"],["4.734","221.536319","0","5"],["4.735","265.71123","0","4"],["4.736","199.25612","0","4"],["4.737","1071.632588","0","10"]],"bids":[["4.732","70.092195","0","2"],["4.731","404.759685","0","7"],["4.73","728.504407","0","11"],["4.729","1341.219791","0","10"],["4.728","841.073936","0","7"]],"instId":"ATOM-USDT","ts":"1722881618700","seqId":4656196837}]}
{"arg":{"channel":"books5","instId":"ATOM-USDT"},"data":[{"asks":[["4.733","120","0","2"],["4.734","221.686319","0","6"],["4.735","265.86123","0","5"],["4.736","690.881388","0","5"],["4.737","580.007315","0","9"]],"bids":[["4.732","10.092195","0","1"],["4.731","404.759685","0","7"],["4.73","728.504407","0","11"],["4.729","1820.513599","0","11"],["4.728","841.073936","0","7"]],"instId":"ATOM-USDT","ts":"1722881618800","seqId":4656196845}]}
{"arg":{"channel":"books5","instId":"ATOM-USDT"},"data":[{"asks":[["4.733","120","0","2"],["4.734","221.686319","0","6"],["4.735","265.86123","0","5"],["4.736","690.881388","0","5"],["4.737","580.007315","0","9"]],"bids":[["4.732","10.092195","0","1"],["4.731","225.785257","0","4"],["4.73","756.353603","0","12"],["4.729","1341.219791","0","10"],["4.728","1320.367744","0","8"]],"instId":"ATOM-USDT","ts":"1722881618900","seqId":4656196864}]}
{"arg":{"channel":"books5","instId":"ATOM-USDT"},"data":[{"asks":[["4.733","144.530199","0","3"],["4.734","197.15612","0","5"],["4.735","265.86123","0","5"],["4.736","690.881388","0","5"],["4.737","580.007315","0","9"]],"bids":[["4.732","326.829464","0","2"],["4.731","763.745132","0","6"],["4.73","756.353603","0","12"],["4.729","1024.176556","0","9"],["4.728","841.073936","0","7"]],"instId":"ATOM-USDT","ts":"1722881619000","seqId":4656196879}]}
{"arg":{"channel":"books5","instId":"ATOM-USDT"},"data":[{"asks":[["4.732","120","0","2"],["4.733","144.530199","0","3"],["4.734","252.836183","0","6"],["4.735","554.037504","0","7"],["4.736","441.811239","0","5"]],"bids":[["4.731","10.092195","0","1"],["4.73","330.790214","0","5"],["4.729","368.701686","0","5"],["4.728","525.87391","0","6"],["4.727","730.706736","0","7"]],"instId":"ATOM-USDT","ts":"1722881619100","seqId":4656196943}]}
{"arg":{"channel":"books5","instId":"ATOM-USDT"},"data":[{"asks":[["4.731","120","0","2"],["4.732","183.636319","0","4"],["4.733","165.75041","0","3"],["4.734","528.457508","0","6"],["4.735","304.96735","0","6"]],"bids":[["4.73","104.228718","0","2"],["4.729","254.467778","0","3"],["4.728","361.471589","0","5"],["4.727","354.159892","0","7"],["4.726","995.203369","0","8"]],"instId":"ATOM-USDT","ts":"1722881619200","seqId":4656197028}]}
{"arg":{"channel":"books5","instId":"ATOM-USDT"},"data":[{"asks":[["4.732","327.37222","0","7"],["4.733","60.3","0","3"],["4.734","365.557512","0","5"],["4.735","440.383422","0","6"],["4.736","229.957424","0","4"]],"bids":[["4.73","124.228718","0","3"],["4.729","154.467778","0","2"],["4.728","228.524714","0","5"],["4.727","248.451991","0","6"],["4.726","1125.904673","0","9"]],"instId":"ATOM-USDT","ts":"1722881619300","seqId":4656197067}]}
{"arg":{"channel":"books5","instId":"ATOM-USDT"},"data":[{"asks":[["4.731","120","0","2"],["4.732","327.37222","0","7"],["4.733","165.91198","0","4"],["4.734","365.557512","0","5"],["4.735","440.383422","0","6"]],"bids":[["4.73","124.228718","0","3"],["4.729","87.849196","0","2"],["4.728","580.645323","0","6"],["4.727","822.213577","0","8"],["4.726","1075.748144","0","9"]],"instId":"ATOM-USDT","ts":"1722881619400","seqId":4656197089}]}
{"arg":{"channel":"books5","instId":"ATOM-USDT"},"data":[{"asks":[["4.732","221.686319","0","6"],["4.733","165.91198","0","4"],["4.734","365.557512","0","5"],["4.735","440.383422","0","6"],["4.736","229.957424","0","4"]],"bids":[["4.73","124.228718","0","3"],["4.729","87.849196","0","2"],["4.728","794.744793","0","7"],["4.727","883.487263","0","9"],["4.726","1075.748144","0","9"]],"instId":"ATOM-USDT","ts":"1722881619500","seqId":4656197109}]}
{"arg":{"channel":"books5","instId":"ATOM-USDT"},"data":[{"asks":[["4.732","144.680199","0","4"],["4.733","165.91198","0","4"],["4.734","209.348315","0","5"],["4.735","354.394035","0","6"],["4.736","1103.606884","0","7"]],"bids":[["4.73","124.228718","0","3"],["4.729","359.585758","0","5"],["4.728","689.054974","0","6"],["4.727","883.487263","0","9"],["4.726","1075.748144","0","9"]],"instId":"ATOM-USDT","ts":"1722881619600","seqId":4656197129}]}
{"arg":{"channel":"books5","instId":"ATOM-USDT"},"data":[{"asks":[["4.731","120","0","2"],["4.732","183.786319","0","5"],["4.733","165.91198","0","4"],["4.734","209.348315","0","5"],["4.735","354.394035","0","6"]],"bids":[["4.73","4.228718","0","1"],["4.729","231.736562","0","3"],["4.728","716.90417","0","7"],["4.727","857.401777","0","9"],["4.726","1075.748144","0","9"]],"instId":"ATOM-USDT","ts":"1722881619700","seqId":4656197148}]}
{"arg":{"channel":"books5","instId":"ATOM-USDT"},"data":[{"asks":[["4.731","120","0","2"],["4.732","183.786319","0","5"],["4.733","165.91198","0","4"],["4.734","358.070771","0","6"],["4.735","547.870167","0","7"]],"bids":[["4.73","4.228718","0","1"],["4.729","231.736562","0","3"],["4.728","716.90417","0","7"],["4.727","1323.645625","0","10"],["4.726","1075.748144","0","9"]],"instId":"ATOM-USDT","ts":"1722881619800","seqId":4656197163}]}
{"arg":{"channel":"books5","instId":"ATOM-USDT"},"data":[{"asks":[["4.731","60","0","1"],["4.732","183.786319","0","5"],["4.733","165.91198","0","4"],["4.734","358.070771","0","6"],["4.735","547.870167","0","7"]],"bids":[["4.73","124.228718","0","3"],["4.729","231.736562","0","3"],["4.728","716.90417","0","7"],["4.727","1323.645625","0","10"],["4.726","1075.748144","0","9"]],"instId":"ATOM-USDT","ts":"1722881619900","seqId":4656197166}]}
{"arg":{"channel":"books5","instId":"ATOM-USDT"},"data":[{"asks":[["4.732","221.686319","0","6"],["4.733","165.91198","0","4"],["4.734","358.070771","0","6"],["4.735","547.870167","0","7"],["4.736","546.545264","0","5"]],"bids":[["4.73","124.228718","0","3"],["4.729","259.585758","0","4"],["4.728","689.054974","0","6"],["4.727","1323.645625","0","10"],["4.726","1075.748144","0","9"]],"instId":"ATOM-USDT","ts":"1722881620000","seqId":4656197195}]}
{"arg":{"channel":"books5","instId":"ATOM-USDT"},"data":[{"asks":[["4.732","221.686319","0","6"],["4.733","165.91198","0","4"],["4.734","358.070771","0","6"],["4.735","547.870167","0","7"],["4.736","546.545264","0","5"]],"bids":[["4.73","167.01927","0","4"],["4.729","259.585758","0","4"],["4.728","689.054974","0","6"],["4.727","1323.645625","0","10"],["4.726","1075.748144","0","9"]],"instId":"ATOM-USDT","ts":"1722881620100","seqId":4656197196}]}
{"arg":{"channel":"books5","instId":"ATOM-USDT"},"data":[{"asks":[["4.732","183.786319","0","5"],["4.733","165.91198","0","4"],["4.734","358.070771","0","6"],["4.735","547.870167","0","7"],["4.736","546.545264","0","5"]],"bids":[["4.73","167.01927","0","4"],["4.729","259.735758","0","5"],["4.728","689.054974","0","6"],["4.727","963.129487","0","10"],["4.726","1287.246408","0","9"]],"instId":"ATOM-USDT","ts":"1722881620200","seqId":4656197206}]}
{"arg":{"channel":"books5","instId":"ATOM-USDT"},"data":[{"asks":[["4.732","60","0","1"],["4.733","190.442179","0","5"],["4.734","358.070771","0","6"],["4.735","547.870167","0","7"],["4.736","546.545264","0","5"]],"bids":[["4.73","167.01927","0","4"],["4.729","259.735758","0","5"],["4.728","689.054974","0","6"],["4.727","963.129487","0","10"],["4.726","1287.246408","0","9"]],"instId":"ATOM-USDT","ts":"1722881620300","seqId":4656197214}]}
{"arg":{"channel":"books5","instId":"ATOM-USDT"},"data":[{"asks":[["4.732","120","0","2"],["4.733","84.830199","0","4"],["4.734","453.555523","0","6"],["4.735","452.401132","0","7"],["4.736","546.545264","0","5"]],"bids":[["4.73","282.766564","0","6"],["4.729","201.742146","0","5"],["4.728","520.480279","0","6"],["4.727","847.309582","0","8"],["4.726","970.004673","0","8"]],"instId":"ATOM-USDT","ts":"1722881620400","seqId":4656197253}]}
{"arg":{"channel":"books5","instId":"ATOM-USDT"},"data":[{"asks":[["4.732","120","0","2"],["4.733","84.830199","0","4"],["4.734","453.555523","0","6"],["4.735","452.401132","0","7"],["4.736","588.792835","0","6"]],"bids":[["4.73","310.733681","0","6"],["4.729","148.899196","0","4"],["4.728","520.480279","0","6"],["4.727","805.062011","0","7"],["4.726","970.004673","0","8"]],"instId":"ATOM-USDT","ts":"1722881620500","seqId":4656197262}]}
{"arg":{"channel":"books5","instId":"ATOM-USDT"},"data":[{"asks":[["4.732","60","0","1"],["4.733","122.580199","0","4"],["4.734","304.833067","0","5"],["4.735","552.401132","0","8"],["4.736","694.321709","0","7"]],"bids":[["4.73","511.07041","0","9"],["4.729","273.887366","0","5"],["4.728","520.480279","0","6"],["4.727","805.062011","0","7"],["4.726","970.004673","0","8"]],"instId":"ATOM-USDT","ts":"1722881620600","seqId":4656197291}]}
{"arg":{"channel":"books5","instId":"ATOM-USDT"},"data":[{"asks":[["4.732","60","0","1"],["4.733","122.580199","0","4"],["4.734","304.833067","0","5"],["4.735","552.401132","0","8"],["4.736","694.321709","0","7"]],"bids":[["4.73","351.518786","0","7"],["4.729","248.899196","0","5"],["4.728","520.480279","0","6"],["4.727","1122.236478","0","8"],["4.726","970.004673","0","8"]],"instId":"ATOM-USDT","ts":"1722881620700","seqId":4656197303}]}
{"arg":{"channel":"books5","instId":"ATOM-USDT"},"data":[{"asks":[["4.732","60","0","1"],["4.733","122.580199","0","4"],["4.734","304.833067","0","5"],["4.735","552.401132","0","8"],["4.736","694.321709","0","7"]],"bids":[["4.73","400.674154","0","8"],["4.729","456.405812","0","6"],["4.728","991.655057","0","7"],["4.727","1122.236478","0","8"],["4.726","970.004673","0","8"]],"instId":"ATOM-USDT","ts":"1722881620800","seqId":4656197312}]}
{"arg":{"channel":"books5","instId":"ATOM-USDT"},"data":[{"asks":[["4.732","60","0","1"],["4.733","122.580199","0","4"],["4.734","304.833067","0","5"],["4.735","552.401132","0","8"],["4.736","909.669201","0","8"]],"bids":[["4.73","400.674154","0","8"],["4.729","456.405812","0","6"],["4.728","1433.458599","0","8"],["4.727","669.028156","0","7"],["4.726","970.004673","0","8"]],"instId":"ATOM-USDT","ts":"1722881620900","seqId":4656197320}]}
{"arg":{"channel":"books5","instId":"ATOM-USDT"},"data":[{"asks":[["4.732","60","0","1"],["4.733","122.580199","0","4"],["4.734","304.833067","0","5"],["4.735","552.401132","0","8"],["4.736","843.04416","0","8"]],"bids":[["4.73","400.674154","0","8"],["4.729","456.405812","0","6"],["4.728","1433.458599","0","8"],["4.727","669.028156","0","7"],["4.726","970.004673","0","8"]],"instId":"ATOM-USDT","ts":"1722881621000","seqId":4656197338}]}
{"arg":{"channel":"books5","instId":"ATOM-USDT"},"data":[{"asks":[["4.732","60","0","1"],["4.733","122.580199","0","4"],["4.734","304.833067","0","5"],["4.735","552.401132","0","8"],["4.736","843.04416","0","8"]],"bids":[["4.73","239.976012","0","5"],["4.729","761.291694","0","7"],["4.728","991.655057","0","7"],["4.727","1110.831698","0","8"],["4.726","839.303369","0","7"]],"instId":"ATOM-USDT","ts":"1722881621100","seqId":4656197347}]}
{"arg":{"channel":"books5","instId":"ATOM-USDT"},"data":[{"asks":[["4.732","120","0","2"],["4.733","122.580199","0","4"],["4.734","304.833067","0","5"],["4.735","552.401132","0","8"],["4.736","843.04416","0","8"]],"bids":[["4.73","239.976012","0","5"],["4.729","456.405812","0","6"],["4.728","962.283821","0","7"],["4.727","669.028156","0","7"],["4.726","839.303369","0","7"]],"instId":"ATOM-USDT","ts":"1722881621200","seqId":4656197358}]}
{"arg":{"channel":"books5","instId":"ATOM-USDT"},"data":[{"asks":[["4.732","120","0","2"],["4.733","122.580199","0","4"],["4.734","304.833067","0","5"],["4.735","552.401132","0","8"],["4.736","843.04416","0","8"]],"bids":[["4.73","338.954576","0","7"],["4.729","691.764836","0","6"],["4.728","962.283821","0","7"],["4.727","799.72946","0","8"],["4.726","839.303369","0","7"]],"instId":"ATOM-USDT","ts":"1722881621300","seqId":4656197375}]}
{"arg":{"channel":"books5","instId":"ATOM-USDT"},"data":[{"asks":[["4.732","120","0","2"],["4.733","122.580199","0","4"],["4.734","304.833067","0","5"],["4.735","552.401132","0","8"],["4.736","1058.391652","0","9"]],"bids":[["4.73","389.977862","0","8"],["4.729","691.764836","0","6"],["4.728","962.283821","0","7"],["4.727","799.72946","0","8"],["4.726","839.303369","0","7"]],"instId":"ATOM-USDT","ts":"1722881621400","seqId":4656197382}]}
{"arg":{"channel":"books5","instId":"ATOM-USDT"},"data":[{"asks":[["4.732","120","0","2"],["4.733","122.580199","0","4"],["4.734","304.833067","0","5"],["4.735","552.401132","0","8"],["4.736","1058.391652","0","9"]],"bids":[["4.73","239.976012","0","5"],["4.729","248.749196","0","4"],["4.728","962.283821","0","7"],["4.727","799.72946","0","8"],["4.726","839.303369","0","7"]],"instId":"ATOM-USDT","ts":"1722881621500","seqId":4656197389}]}
{"arg":{"channel":"books5","instId":"ATOM-USDT"},"data":[{"asks":[["4.732","120","0","2"],["4.733","198.05","0","4"],["4.734","461.129022","0","5"],["4.735","358.925","0","7"],["4.736","737.515286","0","7"]],"bids":[["4.73","134.320913","0","4"],["4.729","248.749196","0","4"],["4.728","413.46707","0","6"],["4.727","799.72946","0","8"],["4.726","839.303369","0","7"]],"instId":"ATOM-USDT","ts":"1722881621600","seqId":4656197421}]}
{"arg":{"channel":"books5","instId":"ATOM-USDT"},"data":[{"asks":[["4.731","120","0","2"],["4.732","327.37222","0","7"],["4.733","265.905356","0","5"],["4.734","461.129022","0","5"],["4.735","464.479631","0","8"]],"bids":[["4.73","4.228718","0","1"],["4.729","236.675137","0","4"],["4.728","310.573984","0","6"],["4.727","351.853689","0","6"],["4.726","945.037098","0","8"]],"instId":"ATOM-USDT","ts":"1722881621700","seqId":4656197455}]}
{"arg":{"channel":"books5","instId":"ATOM-USDT"},"data":[{"asks":[["4.731","60","0","1"],["4.732","221.686319","0","6"],["4.733","265.905356","0","5"],["4.734","461.129022","0","5"],["4.735","464.479631","0","8"]],"bids":[["4.73","124.228718","0","3"],["4.729","264.524333","0","5"],["4.728","428.877522","0","6"],["4.727","351.853689","0","6"],["4.726","945.037098","0","8"]],"instId":"ATOM-USDT","ts":"1722881621800","seqId":4656197475}]}
{"arg":{"channel":"books5","instId":"ATOM-USDT"},"data":[{"asks":[["4.731","60","0","1"],["4.732","221.686319","0","6"],["4.733","265.905356","0","5"],["4.734","461.129022","0","5"],["4.735","464.479631","0","8"]],"bids":[["4.73","124.228718","0","3"],["4.729","339.899336","0","6"],["4.728","428.877522","0","6"],["4.727","669.324916","0","7"],["4.726","945.037098","0","8"]],"instId":"ATOM-USDT","ts":"1722881621900","seqId":4656197481}]}
{"arg":{"channel":"books5","instId":"ATOM-USDT"},"data":[{"asks":[["4.732","182.580199","0","5"],["4.733","265.905356","0","5"],["4.734","461.129022","0","5"],["4.735","464.479631","0","8"],["4.736","952.862778","0","8"]],"bids":[["4.73","124.228718","0","3"],["4.729","339.899336","0","6"],["4.728","428.877522","0","6"],["4.727","1108.891879","0","8"],["4.726","945.037098","0","8"]],"instId":"ATOM-USDT","ts":"1722881622000","seqId":4656197491}]}
{"arg":{"channel":"books5","instId":"ATOM-USDT"},"data":[{"asks":[["4.731","120","0","2"],["4.732","221.686319","0","6"],["4.733","265.905356","0","5"],["4.734","461.129022","0","5"],["4.735","464.479631","0","8"]],"bids":[["4.73","4.228718","0","1"],["4.729","264.524333","0","5"],["4.728","282.724788","0","5"],["4.727","669.324916","0","7"],["4.726","945.037098","0","8"]],"instId":"ATOM-USDT","ts":"1722881622300","seqId":4656197516}]}
{"arg":{"channel":"books5","instId":"ATOM-USDT"},"data":[{"asks":[["4.73","139.51378","0","3"],["4.731","182.430199","0","4"],["4.732","204.880872","0","4"],["4.733","458.568472","0","7"],["4.734","566.70362","0","6"]],"bids":[["4.728","191.870631","0","5"],["4.727","676.765771","0","8"],["4.726","1129.297534","0","9"],["4.725","1420.876616","0","7"],["4.724","1586.785824","0","9"]],"instId":"ATOM-USDT","ts":"1722881622400","seqId":4656197623}]}
{"arg":{"channel":"books5","instId":"ATOM-USDT"},"data":[{"asks":[["4.73","139.51378","0","3"],["4.731","182.430199","0","4"],["4.732","204.880872","0","4"],["4.733","358.568472","0","6"],["4.734","682.073873","0","6"]],"bids":[["4.728","209.106562","0","4"],["4.727","554.523579","0","8"],["4.726","917.833207","0","7"],["4.725","1551.623854","0","8"],["4.724","929.748331","0","6"]],"instId":"ATOM-USDT","ts":"1722881622500","seqId":4656197656}]}
{"arg":{"channel":"books5","instId":"ATOM-USDT"},"data":[{"asks":[["4.729","120","0","2"],["4.73","183.636319","0","5"],["4.731","98.05","0","3"],["4.732","204.880872","0","4"],["4.733","358.568472","0","6"]],"bids":[["4.728","130.092195","0","3"],["4.727","404.700511","0","7"],["4.726","812.102609","0","6"],["4.725","1482.108566","0","8"],["4.724","1085.648331","0","7"]],"instId":"ATOM-USDT","ts":"1722881622600","seqId":4656197688}]}
{"arg":{"channel":"books5","instId":"ATOM-USDT"},"data":[{"asks":[["4.729","120","0","2"],["4.73","183.636319","0","5"],["4.731","98.05","0","3"],["4.732","204.880872","0","4"],["4.733","358.568472","0","6"]],"bids":[["4.728","10.092195","0","1"],["4.727","376.851315","0","6"],["4.726","233.459072","0","6"],["4.725","1482.108566","0","8"],["4.724","1964.721387","0","8"]],"instId":"ATOM-USDT","ts":"1722881622700","seqId":4656197702}]}
{"arg":{"channel":"books5","instId":"ATOM-USDT"},"data":[{"asks":[["4.729","120","0","2"],["4.73","183.786319","0","6"],["4.731","203.851638","0","5"],["4.732","236.129018","0","4"],["4.733","464.164061","0","7"]],"bids":[["4.728","10.092195","0","1"],["4.727","169.293969","0","4"],["4.726","416.887899","0","7"],["4.725","432.97748","0","6"],["4.724","1346.15005","0","8"]],"instId":"ATOM-USDT","ts":"1722881622800","seqId":4656197746}]}
{"arg":{"channel":"books5","instId":"ATOM-USDT"},"data":[{"asks":[["4.728","60","0","1"],["4.729","144.530199","0","3"],["4.73","99.25612","0","4"],["4.731","203.851638","0","5"],["4.732","462.420466","0","6"]],"bids":[["4.727","113.394225","0","3"],["4.726","416.887899","0","7"],["4.725","759.190537","0","6"],["4.724","1346.15005","0","8"],["4.723","1956.230498","0","7"]],"instId":"ATOM-USDT","ts":"1722881622900","seqId":4656197774}]}
{"arg":{"channel":"books5","instId":"ATOM-USDT"},"data":[{"asks":[["4.728","60","0","1"],["4.729","144.530199","0","3"],["4.73","204.926602","0","5"],["4.731","295.935561","0","7"],["4.732","462.420466","0","6"]],"bids":[["4.727","189.384635","0","4"],["4.726","311.149895","0","6"],["4.725","408.03304","0","6"],["4.724","1644.870827","0","7"],["4.723","2217.928824","0","9"]],"instId":"ATOM-USDT","ts":"1722881623000","seqId":4656197834}]}
{"arg":{"channel":"books5","instId":"ATOM-USDT"},"data":[{"asks":[["4.728","120","0","2"],["4.729","144.530199","0","3"],["4.73","204.926602","0","5"],["4.731","295.935561","0","7"],["4.732","462.420466","0","6"]],"bids":[["4.727","10.092195","0","1"],["4.726","283.300699","0","5"],["4.725","871.031003","0","8"],["4.724","1644.870827","0","7"],["4.723","2087.74365","0","8"]],"instId":"ATOM-USDT","ts":"1722881623100","seqId":4656197854}]}
{"arg":{"channel":"books5","instId":"ATOM-USDT"},"data":[{"asks":[["4.728","120","0","2"],["4.729","144.530199","0","3"],["4.73","204.926602","0","5"],["4.731","295.935561","0","7"],["4.732","462.420466","0","6"]],"bids":[["4.727","187.323021","0","4"],["4.726","311.149895","0","6"],["4.725","843.181807","0","7"],["4.724","1478.456255","0","7"],["4.723","1281.239031","0","6"]],"instId":"ATOM-USDT","ts":"1722881623200","seqId":4656197880}]}
{"arg":{"channel":"books5","instId":"ATOM-USDT"},"data":[{"asks":[["4.729","144.530199","0","3"],["4.73","204.926602","0","5"],["4.731","295.935561","0","7"],["4.732","462.420466","0","6"],["4.733","464.164061","0","7"]],"bids":[["4.727","130.092195","0","3"],["4.726","237.153054","0","6"],["4.725","324.545369","0","5"],["4.724","1021.541894","0","6"],["4.723","2188.237397","0","7"]],"instId":"ATOM-USDT","ts":"1722881623300","seqId":4656197910}]}
{"arg":{"channel":"books5","instId":"ATOM-USDT"},"data":[{"asks":[["4.729","120","0","2"],["4.73","229.456801","0","6"],["4.731","295.935561","0","7"],["4.732","462.420466","0","6"],["4.733","464.164061","0","7"]],"bids":[["4.727","130.092195","0","3"],["4.726","237.153054","0","6"],["4.725","324.545369","0","5"],["4.724","1021.541894","0","6"],["4.723","2188.237397","0","7"]],"instId":"ATOM-USDT","ts":"1722881623400","seqId":4656197921}]}
{"arg":{"channel":"books5","instId":"ATOM-USDT"},"data":[{"asks":[["4.729","95.487007","0","2"],["4.73","204.926602","0","5"],["4.731","295.935561","0","7"],["4.732","462.420466","0","6"],["4.733","464.164061","0","7"]],"bids":[["4.727","130.092195","0","3"],["4.726","237.153054","0","6"],["4.725","324.545369","0","5"],["4.724","1021.541894","0","6"],["4.723","2188.237397","0","7"]],"instId":"ATOM-USDT","ts":"1722881623500","seqId":4656197929}]}
{"arg":{"channel":"books5","instId":"ATOM-USDT"},"data":[{"asks":[["4.729","120.017206","0","3"],["4.73","204.926602","0","5"],["4.731","295.935561","0","7"],["4.732","568.173427","0","7"],["4.733","464.164061","0","7"]],"bids":[["4.727","130.092195","0","3"],["4.726","237.153054","0","6"],["4.725","324.545369","0","5"],["4.724","1481.850185","0","7"],["4.723","2188.237397","0","7"]],"instId":"ATOM-USDT","ts":"1722881623600","seqId":4656197934}]}
{"arg":{"channel":"books5","instId":"ATOM-USDT"},"data":[{"asks":[["4.729","95.487007","0","2"],["4.73","229.456801","0","6"],["4.731","295.935561","0","7"],["4.732","568.173427","0","7"],["4.733","464.164061","0","7"]],"bids":[["4.727","130.092195","0","3"],["4.726","493.351181","0","7"],["4.725","324.545369","0","5"],["4.724","837.490568","0","6"],["4.723","1390.391715","0","5"]],"instId":"ATOM-USDT","ts":"1722881623700","seqId":4656197955}]}
{"arg":{"channel":"books5","instId":"ATOM-USDT"},"data":[{"asks":[["4.729","95.487007","0","2"],["4.73","204.926602","0","5"],["4.731","295.935561","0","7"],["4.732","568.173427","0","7"],["4.733","464.164061","0","7"]],"bids":[["4.727","130.092195","0","3"],["4.726","493.351181","0","7"],["4.725","324.545369","0","5"],["4.724","837.490568","0","6"],["4.723","1401.707672","0","6"]],"instId":"ATOM-USDT","ts":"1722881623800","seqId":4656197965}]}
{"arg":{"channel":"books5","instId":"ATOM-USDT"},"data":[{"asks":[["4.729","120.017206","0","3"],["4.73","304.926602","0","6"],["4.731","295.935561","0","7"],["4.732","568.173427","0","7"],["4.733","464.164061","0","7"]],"bids":[["4.727","130.092195","0","3"],["4.726","493.351181","0","7"],["4.725","424.545369","0","6"],["4.724","837.490568","0","6"],["4.723","1401.707672","0","6"]],"instId":"ATOM-USDT","ts":"1722881623900","seqId":4656197973}]}
{"arg":{"channel":"books5","instId":"ATOM-USDT"},"data":[{"asks":[["4.729","120.017206","0","3"],["4.73","304.926602","0","6"],["4.731","295.935561","0","7"],["4.732","568.173427","0","7"],["4.733","464.164061","0","7"]],"bids":[["4.727","130.092195","0","3"],["4.726","493.351181","0","7"],["4.725","424.545369","0","6"],["4.724","1297.798859","0","7"],["4.723","1401.707672","0","6"]],"instId":"ATOM-USDT","ts":"1722881624000","seqId":4656197974}]}
{"arg":{"channel":"books5","instId":"ATOM-USDT"},"data":[{"asks":[["4.729","120.017206","0","3"],["4.73","304.926602","0","6"],["4.731","295.935561","0","7"],["4.732","568.173427","0","7"],["4.733","464.164061","0","7"]],"bids":[["4.727","130.092195","0","3"],["4.726","493.351181","0","7"],["4.725","424.545369","0","6"],["4.724","837.490568","0","6"],["4.723","1862.015963","0","7"]],"instId":"ATOM-USDT","ts":"1722881624100","seqId":4656197991}]}
{"arg":{"channel":"books5","instId":"ATOM-USDT"},"data":[{"asks":[["4.729","263.670167","0","5"],["4.73","304.926602","0","6"],["4.731","258.035561","0","6"],["4.732","568.173427","0","7"],["4.733","506.411632","0","8"]],"bids":[["4.727","130.092195","0","3"],["4.726","493.351181","0","7"],["4.725","424.545369","0","6"],["4.724","795.242997","0","5"],["4.723","1850.700006","0","6"]],"instId":"ATOM-USDT","ts":"1722881624200","seqId":4656198000}]}
{"arg":{"channel":"books5","instId":"ATOM-USDT"},"data":[{"asks":[["4.729","157.917206","0","4"],["4.73","304.926602","0","6"],["4.731","258.035561","0","6"],["4.732","568.173427","0","7"],["4.733","723.281918","0","9"]],"bids":[["4.727","130.092195","0","3"],["4.726","493.351181","0","7"],["4.725","424.545369","0","6"],["4.724","898.502823","0","6"],["4.723","1850.700006","0","6"]],"instId":"ATOM-USDT","ts":"1722881624300","seqId":4656198005}]}
{"arg":{"channel":"books5","instId":"ATOM-USDT"},"data":[{"asks":[["4.729","120.017206","0","3"],["4.73","304.926602","0","6"],["4.731","258.035561","0","6"],["4.732","568.173427","0","7"],["4.733","723.281918","0","9"]],"bids":[["4.727","130.092195","0","3"],["4.726","607.676263","0","8"],["4.725","424.545369","0","6"],["4.724","1358.811114","0","7"],["4.723","1390.391715","0","5"]],"instId":"ATOM-USDT","ts":"1722881624400","seqId":4656198013}]}
{"arg":{"channel":"books5","instId":"ATOM-USDT"},"data":[{"asks":[["4.729","95.487007","0","2"],["4.73","329.456801","0","7"],["4.731","258.035561","0","6"],["4.732","568.173427","0","7"],["4.733","506.411632","0","8"]],"bids":[["4.727","130.092195","0","3"],["4.726","607.676263","0","8"],["4.725","424.545369","0","6"],["4.724","1359.166097","0","7"],["4.723","1405.912742","0","6"]],"instId":"ATOM-USDT","ts":"1722881624500","seqId":4656198035}]}
{"arg":{"channel":"books5","instId":"ATOM-USDT"},"data":[{"asks":[["4.729","95.487007","0","2"],["4.73","329.456801","0","7"],["4.731","258.035561","0","6"],["4.732","568.173427","0","7"],["4.733","506.411632","0","8"]],"bids":[["4.727","130.092195","0","3"],["4.726","607.676263","0","8"],["4.725","424.545369","0","6"],["4.724","898.502823","0","6"],["4.723","1405.912742","0","6"]],"instId":"ATOM-USDT","ts":"1722881624600","seqId":4656198050}]}
{"arg":{"channel":"books5","instId":"ATOM-USDT"},"data":[{"asks":[["4.729","95.487007","0","2"],["4.73","329.456801","0","7"],["4.731","258.035561","0","6"],["4.732","568.173427","0","7"],["4.733","506.411632","0","8"]],"bids":[["4.728","120","0","2"],["4.727","130.092195","0","3"],["4.726","607.676263","0","8"],["4.725","424.545369","0","6"],["4.724","898.502823","0","6"]],"instId":"ATOM-USDT","ts":"1722881624700","seqId":4656198062}]}
{"arg":{"channel":"books5","instId":"ATOM-USDT"},"data":[{"asks":[["4.73","120.15","0","3"],["4.731","123.936319","0","5"],["4.732","547.518714","0","7"],["4.733","400.816043","0","7"],["4.734","757.995513","0","7"]],"bids":[["4.728","120","0","2"],["4.727","330.399454","0","6"],["4.726","474.076","0","6"],["4.725","424.545369","0","6"],["4.724","1004.289396","0","7"]],"instId":"ATOM-USDT","ts":"1722881624800","seqId":4656198101}]}
{"arg":{"channel":"books5","instId":"ATOM-USDT"},"data":[{"asks":[["4.73","120.15","0","3"],["4.731","223.936319","0","6"],["4.732","494.631052","0","7"],["4.733","506.546641","0","8"],["4.734","757.995513","0","7"]],"bids":[["4.728","220","0","3"],["4.727","430.399454","0","7"],["4.726","474.076","0","6"],["4.725","837.58117","0","7"],["4.724","1004.289396","0","7"]],"instId":"ATOM-USDT","ts":"1722881624900","seqId":4656198119}]}
{"arg":{"channel":"books5","instId":"ATOM-USDT"},"data":[{"asks":[["4.729","60","0","1"],["4.73","120.15","0","3"],["4.731","223.936319","0","6"],["4.732","494.631052","0","7"],["4.733","506.546641","0","8"]],"bids":[["4.728","120","0","2"],["4.727","430.399454","0","7"],["4.726","474.076","0","6"],["4.725","1298.244444","0","8"],["4.724","1004.289396","0","7"]],"instId":"ATOM-USDT","ts":"1722881625000","seqId":4656198140}]}
{"arg":{"channel":"books5","instId":"ATOM-USDT"},"data":[{"asks":[["4.729","120","0","2"],["4.73","144.680199","0","4"],["4.731","199.40612","0","5"],["4.732","494.631052","0","7"],["4.733","506.546641","0","8"]],"bids":[["4.728","60","0","1"],["4.727","430.399454","0","7"],["4.726","474.076","0","6"],["4.725","837.58117","0","7"],["4.724","1004.289396","0","7"]],"instId":"ATOM-USDT","ts":"1722881625100","seqId":4656198163}]}
{"arg":{"channel":"books5","instId":"ATOM-USDT"},"data":[{"asks":[["4.73","250.410797","0","5"],["4.731","199.40612","0","5"],["4.732","494.631052","0","7"],["4.733","506.546641","0","8"],["4.734","974.865799","0","8"]],"bids":[["4.728","120","0","2"],["4.727","430.399454","0","7"],["4.726","474.076","0","6"],["4.725","1298.244444","0","8"],["4.724","1004.289396","0","7"]],"instId":"ATOM-USDT","ts":"1722881625200","seqId":4656198169}]}
{"arg":{"channel":"books5","instId":"ATOM-USDT"},"data":[{"asks":[["4.729","120","0","2"],["4.73","263.780598","0","5"],["4.731","223.936319","0","6"],["4.732","600.36165","0","8"],["4.733","506.546641","0","8"]],"bids":[["4.727","335.819566","0","5"],["4.726","154.656564","0","3"],["4.725","769.033554","0","8"],["4.724","1004.289396","0","7"],["4.723","1176.366588","0","6"]],"instId":"ATOM-USDT","ts":"1722881625300","seqId":4656198200}]}
{"arg":{"channel":"books5","instId":"ATOM-USDT"},"data":[{"asks":[["4.729","120","0","2"],["4.73","263.780598","0","5"],["4.731","223.936319","0","6"],["4.732","600.36165","0","8"],["4.733","506.546641","0","8"]],"bids":[["4.728","60","0","1"],["4.727","335.819566","0","5"],["4.726","236.396516","0","3"],["4.725","769.033554","0","8"],["4.724","1004.289396","0","7"]],"instId":"ATOM-USDT","ts":"1722881625400","seqId":4656198215}]}
{"arg":{"channel":"books5","instId":"ATOM-USDT"},"data":[{"asks":[["4.73","288.310797","0","6"],["4.731","199.40612","0","5"],["4.732","600.36165","0","8"],["4.733","506.546641","0","8"],["4.734","974.865799","0","8"]],"bids":[["4.728","60","0","1"],["4.727","363.668762","0","6"],["4.726","208.69732","0","3"],["4.725","769.033554","0","8"],["4.724","1046.280505","0","8"]],"instId":"ATOM-USDT","ts":"1722881625500","seqId":4656198233}]}
{"arg":{"channel":"books5","instId":"ATOM-USDT"},"data":[{"asks":[["4.729","120","0","2"],["4.73","182.580199","0","5"],["4.731","305.046669","0","6"],["4.732","494.724915","0","7"],["4.733","506.546641","0","8"]],"bids":[["4.727","225.727371","0","3"],["4.726","404.303705","0","6"],["4.725","779.125749","0","9"],["4.724","1004.289396","0","7"],["4.723","715.703314","0","5"]],"instId":"ATOM-USDT","ts":"1722881625600","seqId":4656198272}]}
{"arg":{"channel":"books5","instId":"ATOM-USDT"},"data":[{"asks":[["4.729","120","0","2"],["4.73","182.580199","0","5"],["4.731","305.046669","0","6"],["4.732","494.724915","0","7"],["4.733","506.546641","0","8"]],"bids":[["4.728","120","0","2"],["4.727","235.819566","0","4"],["4.726","501.072961","0","7"],["4.725","1215.501857","0","9"],["4.724","1004.289396","0","7"]],"instId":"ATOM-USDT","ts":"1722881625700","seqId":4656198281}]}
{"arg":{"channel":"books5","instId":"ATOM-USDT"},"data":[{"asks":[["4.73","182.580199","0","5"],["4.731","305.046669","0","6"],["4.732","494.724915","0","7"],["4.733","506.546641","0","8"],["4.734","757.995513","0","7"]],"bids":[["4.728","120","0","2"],["4.727","263.668762","0","5"],["4.726","473.223765","0","6"],["4.725","769.033554","0","8"],["4.724","888.507115","0","8"]],"instId":"ATOM-USDT","ts":"1722881625800","seqId":4656198314}]}
{"arg":{"channel":"books5","instId":"ATOM-USDT"},"data":[{"asks":[["4.729","120","0","2"],["4.73","182.580199","0","5"],["4.731","305.046669","0","6"],["4.732","494.724915","0","7"],["4.733","506.546641","0","8"]],"bids":[["4.728","60","0","1"],["4.727","420.809589","0","7"],["4.726","473.223765","0","6"],["4.725","769.033554","0","8"],["4.724","1546.42146","0","8"]],"instId":"ATOM-USDT","ts":"1722881625900","seqId":4656198336}]}
{"arg":{"channel":"books5","instId":"ATOM-USDT"},"data":[{"asks":[["4.729","60","0","1"],["4.73","182.580199","0","5"],["4.731","305.046669","0","6"],["4.732","494.724915","0","7"],["4.733","506.546641","0","8"]],"bids":[["4.728","120","0","2"],["4.727","420.809589","0","7"],["4.726","473.223765","0","6"],["4.725","769.033554","0","8"],["4.724","1546.42146","0","8"]],"instId":"ATOM-USDT","ts":"1722881626000","seqId":4656198345}]}
{"arg":{"channel":"books5","instId":"ATOM-USDT"},"data":[{"asks":[["4.729","120","0","2"],["4.73","182.580199","0","5"],["4.731","305.046669","0","6"],["4.732","494.724915","0","7"],["4.733","506.546641","0","8"]],"bids":[["4.727","335.819566","0","5"],["4.726","87.999196","0","3"],["4.725","424.545369","0","6"],["4.724","1099.953157","0","7"],["4.723","1644.579264","0","6"]],"instId":"ATOM-USDT","ts":"1722881626100","seqId":4656198371}]}
{"arg":{"channel":"books5","instId":"ATOM-USDT"},"data":[{"asks":[["4.729","120","0","2"],["4.73","182.580199","0","5"],["4.731","305.046669","0","6"],["4.732","494.724915","0","7"],["4.733","506.546641","0","8"]],"bids":[["4.727","235.819566","0","4"],["4.726","87.999196","0","3"],["4.725","871.013672","0","7"],["4.724","1099.953157","0","7"],["4.723","1644.579264","0","6"]],"instId":"ATOM-USDT","ts":"1722881626200","seqId":4656198379}]}
{"arg":{"channel":"books5","instId":"ATOM-USDT"},"data":[{"asks":[["4.729","120","0","2"],["4.73","182.580199","0","5"],["4.731","305.046669","0","6"],["4.732","494.724915","0","7"],["4.733","506.546641","0","8"]],"bids":[["4.727","235.819566","0","4"],["4.726","702.627465","0","5"],["4.725","871.013672","0","7"],["4.724","1099.953157","0","7"],["4.723","1644.579264","0","6"]],"instId":"ATOM-USDT","ts":"1722881626300","seqId":4656198391}]}
{"arg":{"channel":"books5","instId":"ATOM-USDT"},"data":[{"asks":[["4.729","120","0","2"],["4.73","182.580199","0","5"],["4.731","305.046669","0","6"],["4.732","494.724915","0","7"],["4.733","506.546641","0","8"]],"bids":[["4.728","120","0","2"],["4.727","414.981262","0","6"],["4.726","674.778269","0","4"],["4.725","871.013672","0","7"],["4.724","1099.953157","0","7"]],"instId":"ATOM-USDT","ts":"1722881626400","seqId":4656198401}]}
