{"event":"subscribe","arg":{"channel":"books5","instId":"BTC-USDT"},"connId":"6815c32d"}
{"arg":{"channel":"books5","instId":"BTC-USDT"},"data":[{"asks":[["54817.5","0.00055724","0","1"],["54820","0.0345046","0","2"],["54821.8","0.18230574","0","1"],["54822","0.0308","0","1"],["54823.6","0.000015","0","1"]],"bids":[["54817.4","0.30478086","0","6"],["54817.3","0.0431","0","2"],["54816","0.0308","0","1"],["54815.9","0.13577","0","3"],["54814","0.0308","0","1"]],"instId":"BTC-USDT","ts":"1722880315805","seqId":30132613952}]}
{"arg":{"channel":"books5","instId":"BTC-USDT"},"data":[{"asks":[["54817.5","0.00705724","0","2"],["54819.9","0.02070278","0","1"],["54820","0.0345046","0","2"],["54822","0.0308","0","1"],["54823.6","0.000015","0","1"]],"bids":[["54817.4","0.15478086","0","5"],["54817.3","0.0431","0","2"],["54816","0.0308","0","1"],["54815.9","0.13577","0","3"],["54814","0.0308","0","1"]],"instId":"BTC-USDT","ts":"1722880315905","seqId":30132614088}]}
{"arg":{"channel":"books5","instId":"BTC-USDT"},"data":[{"asks":[["54817.5","0.00055724","0","1"],["54818","0.0308","0","1"],["54820","0.0345046","0","2"],["54821.9","0.01848004","0","1"],["54822","0.0308","0","1"]],"bids":[["54817.4","0.15478086","0","5"],["54817.3","0.0431","0","2"],["54816","0.0308","0","1"],["54815.9","0.13577","0","3"],["54814","0.0308","0","1"]],"instId":"BTC-USDT","ts":"1722880316005","seqId":30132614168}]}
{"arg":{"channel":"books5","instId":"BTC-USDT"},"data":[{"asks":[["54817.5","0.00055724","0","1"],["54820","0.0345046","0","2"],["54822","0.0308","0","1"],["54823.6","0.000015","0","1"],["54823.7","0.03641764","0","1"]],"bids":[["54817.4","0.15296086","0","4"],["54817.3","0.0431","0","2"],["54816","0.0308","0","1"],["54815.9","0.13577","0","3"],["54814","0.0308","0","1"]],"instId":"BTC-USDT","ts":"1722880316105","seqId":30132614239}]}
{"arg":{"channel":"books5","instId":"BTC-USDT"},"data":[{"asks":[["54820","0.0037046","0","1"],["54822","0.0308","0","1"],["54823.8","0.02137507","0","2"],["54824","0.0324","0","1"],["54824.5","0.00692085","0","1"]],"bids":[["54819.9","0.3353881","0","7"],["54818","0.0308","0","1"],["54817.9","0.0546271","0","1"],["54817.4","0.06054142","0","2"],["54817.3","0.0431","0","2"]],"instId":"BTC-USDT","ts":"1722880316205","seqId":30132614367}]}
{"arg":{"channel":"books5","instId":"BTC-USDT"},"data":[{"asks":[["54823.8","0.02137507","0","2"],["54824.5","0.00692085","0","1"],["54826","0.0324","0","1"],["54828","0.0308","0","1"],["54829.1","0.000015","0","1"]],"bids":[["54823.7","0.1694581","0","5"],["54822","0.0308","0","1"],["54821.9","0.07904142","0","3"],["54820","0.0308","0","1"],["54819.9","0.37829696","0","5"]],"instId":"BTC-USDT","ts":"1722880316305","seqId":30132614516}]}
{"arg":{"channel":"books5","instId":"BTC-USDT"},"data":[{"asks":[["54823.8","0.02137507","0","2"],["54824","0.0308","0","1"],["54824.5","0.00692085","0","1"],["54826","0.0324","0","1"],["54828","0.0308","0","1"]],"bids":[["54823.7","0.1694581","0","5"],["54822","0.0308","0","1"],["54821.9","0.07904142","0","3"],["54820.8","0.18230875","0","1"],["54820.2","0.0546271","0","1"]],"instId":"BTC-USDT","ts":"1722880316405","seqId":30132614609}]}
{"arg":{"channel":"books5","instId":"BTC-USDT"},"data":[{"asks":[["54824.5","0.00692085","0","1"],["54826","0.0324","0","1"],["54828","0.0308","0","1"],["54829.3","0.01","0","1"],["54834.5","0.03605858","0","1"]],"bids":[["54824.4","0.13271668","0","4"],["54824","0.0308","0","1"],["54823.7","0.07904142","0","3"],["54822","0.0308","0","1"],["54821.9","0.07904142","0","3"]],"instId":"BTC-USDT","ts":"1722880316505","seqId":30132614696}]}
{"arg":{"channel":"books5","instId":"BTC-USDT"},"data":[{"asks":[["54824.5","0.00692085","0","1"],["54826","0.0324","0","1"],["54828","0.0308","0","1"],["54829.3","0.01","0","1"],["54829.9","0.01848003","0","1"]],"bids":[["54824.4","0.13271668","0","4"],["54824","0.0308","0","1"],["54823.7","0.07904142","0","3"],["54822","0.0308","0","1"],["54821.9","0.07904142","0","3"]],"instId":"BTC-USDT","ts":"1722880316605","seqId":30132614785}]}
{"arg":{"channel":"books5","instId":"BTC-USDT"},"data":[{"asks":[["54824.5","0.00762085","0","2"],["54826","0.0324","0","1"],["54828","0.0708","0","2"],["54829.3","0.01","0","1"],["54829.9","0.01848003","0","1"]],"bids":[["54824.4","0.13271668","0","4"],["54824","0.0308","0","1"],["54823.7","0.07904142","0","3"],["54822","0.0308","0","1"],["54821.9","0.07904142","0","3"]],"instId":"BTC-USDT","ts":"1722880316705","seqId":30132614826}]}
{"arg":{"channel":"books5","instId":"BTC-USDT"},"data":[{"asks":[["54824.5","0.00692085","0","1"],["54828","0.0308","0","1"],["54829.3","0.01","0","1"],["54829.9","0.01848003","0","1"],["54830","0.0308","0","1"]],"bids":[["54824.4","0.28271668","0","5"],["54824","0.0308","0","1"],["54823.7","0.07904142","0","3"],["54822","0.0308","0","1"],["54821.9","0.07904142","0","3"]],"instId":"BTC-USDT","ts":"1722880316805","seqId":30132614914}]}
{"arg":{"channel":"books5","instId":"BTC-USDT"},"data":[{"asks":[["54832","0.0315","0","2"],["54833.9","0.01848001","0","1"],["54834","0.0308","0","1"],["54834.6","0.000015","0","1"],["54835.6","0.000015","0","1"]],"bids":[["54831.9","0.1673581","0","5"],["54830","0.0308","0","1"],["54829.8","0.07904142","0","3"],["54829.3","0.15","0","1"],["54828","0.0308","0","1"]],"instId":"BTC-USDT","ts":"1722880316905","seqId":30132615209}]}
{"arg":{"channel":"books5","instId":"BTC-USDT"},"data":[{"asks":[["54832","0.06755858","0","3"],["54833.9","0.01848005","0","1"],["54834","0.0308","0","1"],["54834.6","0.000015","0","1"],["54835.6","0.000015","0","1"]],"bids":[["54831.9","0.04475944","0","1"],["54830","0.0308","0","1"],["54829.8","0.03594142","0","1"],["54828","0.0308","0","1"],["54826.4","0.15","0","1"]],"instId":"BTC-USDT","ts":"1722880317005","seqId":30132615337}]}
{"arg":{"channel":"books5","instId":"BTC-USDT"},"data":[{"asks":[["54832","0.0315","0","2"],["54833.9","0.01848005","0","1"],["54834","0.0308","0","1"],["54834.6","0.000015","0","1"],["54835.6","0.000015","0","1"]],"bids":[["54831.9","0.08701668","0","2"],["54830","0.0308","0","1"],["54829.8","0.03594142","0","1"],["54828","0.0308","0","1"],["54826.4","0.15","0","1"]],"instId":"BTC-USDT","ts":"1722880317105","seqId":30132615410}]}
{"arg":{"channel":"books5","instId":"BTC-USDT"},"data":[{"asks":[["54832","0.0315","0","2"],["54833.9","0.01848005","0","1"],["54834","0.0308","0","1"],["54834.6","0.000015","0","1"],["54835.6","0.000015","0","1"]],"bids":[["54831.9","0.32105668","0","4"],["54830","0.0308","0","1"],["54829.8","0.03594142","0","1"],["54828","0.0308","0","1"],["54827.2","0.0546271","0","1"]],"instId":"BTC-USDT","ts":"1722880317205","seqId":30132615494}]}
{"arg":{"channel":"books5","instId":"BTC-USDT"},"data":[{"asks":[["54832","0.0007","0","1"],["54834","0.0308","0","1"],["54835.6","0.000015","0","1"],["54835.9","0.02014607","0","1"],["54836","0.0308","0","1"]],"bids":[["54831.9","0.32105668","0","4"],["54830","0.0308","0","1"],["54829.8","0.03594142","0","1"],["54828","0.0308","0","1"],["54827.2","0.0546271","0","1"]],"instId":"BTC-USDT","ts":"1722880317305","seqId":30132615571}]}
{"arg":{"channel":"books5","instId":"BTC-USDT"},"data":[{"asks":[["54832","0.0007","0","1"],["54834","0.0308","0","1"],["54836","0.0308","0","1"],["54836.1","0.00277679","0","1"],["54840.1","0.000015","0","1"]],"bids":[["54831.9","0.47105668","0","5"],["54830","0.0308","0","1"],["54829.8","0.03594142","0","1"],["54828","0.0308","0","1"],["54827.2","0.0546271","0","1"]],"instId":"BTC-USDT","ts":"1722880317405","seqId":30132615664}]}
{"arg":{"channel":"books5","instId":"BTC-USDT"},"data":[{"asks":[["54834","0.0007","0","1"],["54836","0.0308","0","1"],["54836.1","0.00277679","0","1"],["54837.9","0.01848001","0","1"],["54838","0.0308","0","1"]],"bids":[["54833.9","0.1663581","0","5"],["54832.3","0.15","0","1"],["54832","0.0308","0","1"],["54831.9","0.41998142","0","4"],["54830","0.0308","0","1"]],"instId":"BTC-USDT","ts":"1722880317505","seqId":30132615815}]}
{"arg":{"channel":"books5","instId":"BTC-USDT"},"data":[{"asks":[["54834","0.0007","0","1"],["54836","0.0308","0","1"],["54836.1","0.00277679","0","1"],["54837.9","0.01848001","0","1"],["54838","0.0308","0","1"]],"bids":[["54833.9","0.1663581","0","5"],["54832","0.0308","0","1"],["54831.9","0.41998142","0","4"],["54830","0.0308","0","1"],["54829.8","0.03594142","0","1"]],"instId":"BTC-USDT","ts":"1722880317605","seqId":30132615883}]}
{"arg":{"channel":"books5","instId":"BTC-USDT"},"data":[{"asks":[["54834","0.0315","0","2"],["54835.7","0.00351835","0","1"],["54836","0.0308","0","1"],["54836.1","0.00277679","0","1"],["54837.9","0.01848001","0","1"]],"bids":[["54833.9","0.1663581","0","5"],["54832","0.0308","0","1"],["54831.9","0.26998142","0","3"],["54830","0.0308","0","1"],["54829.8","0.03594142","0","1"]],"instId":"BTC-USDT","ts":"1722880317705","seqId":30132615924}]}
{"arg":{"channel":"books5","instId":"BTC-USDT"},"data":[{"asks":[["54837.9","0.0007","0","1"],["54838","0.0308","0","1"],["54840","0.0308","0","1"],["54841.5","0.00809297","0","2"],["54841.9","0.03009042","0","1"]],"bids":[["54837.8","0.3151581","0","6"],["54836","0.06674142","0","2"],["54835.9","0.0185","0","1"],["54834.7","0.0246","0","1"],["54834","0.0308","0","1"]],"instId":"BTC-USDT","ts":"1722880317805","seqId":30132616183}]}
{"arg":{"channel":"books5","instId":"BTC-USDT"},"data":[{"asks":[["54837.9","0.0253","0","2"],["54838","0.0308","0","1"],["54840","0.0308","0","1"],["54841.5","0.00809297","0","2"],["54841.8","0.03653425","0","1"]],"bids":[["54837.8","0.11071668","0","3"],["54836","0.06674142","0","2"],["54835.9","0.0185","0","1"],["54834.7","0.0246","0","1"],["54834","0.0308","0","1"]],"instId":"BTC-USDT","ts":"1722880317905","seqId":30132616289}]}
{"arg":{"channel":"books5","instId":"BTC-USDT"},"data":[{"asks":[["54841.5","0.00879297","0","3"],["54841.9","0.03009042","0","1"],["54842.5","0.00529993","0","1"],["54843.9","0.01848003","0","1"],["54844","0.0308","0","1"]],"bids":[["54841.4","0.12711668","0","4"],["54840","0.0308","0","1"],["54838.1","0.07904142","0","3"],["54837.8","0.1746","0","2"],["54836","0.06674142","0","2"]],"instId":"BTC-USDT","ts":"1722880318005","seqId":30132616489}]}
{"arg":{"channel":"books5","instId":"BTC-USDT"},"data":[{"asks":[["54841.5","0.00879297","0","3"],["54841.9","0.03009042","0","1"],["54842","0.0308","0","1"],["54842.5","0.00529993","0","1"],["54843.9","0.01848003","0","1"]],"bids":[["54841.4","0.1630581","0","5"],["54840","0.0308","0","1"],["54838.4","0.0546271","0","1"],["54838.1","0.07904142","0","3"],["54837.8","0.1746","0","2"]],"instId":"BTC-USDT","ts":"1722880318105","seqId":30132616658}]}
{"arg":{"channel":"books5","instId":"BTC-USDT"},"data":[{"asks":[["54841.5","0.00879297","0","3"],["54841.9","0.03009042","0","1"],["54842","0.0308","0","1"],["54842.5","0.00529993","0","1"],["54843.9","0.01848003","0","1"]],"bids":[["54841.4","0.1630581","0","5"],["54840","0.0308","0","1"],["54838.5","0.1822499","0","1"],["54838.4","0.0546271","0","1"],["54838.1","0.07904142","0","3"]],"instId":"BTC-USDT","ts":"1722880318205","seqId":30132616704}]}
{"arg":{"channel":"books5","instId":"BTC-USDT"},"data":[{"asks":[["54841.5","0.00879297","0","3"],["54841.9","0.03009042","0","1"],["54842","0.0708","0","2"],["54842.5","0.00529993","0","1"],["54844","0.0308","0","1"]],"bids":[["54841.4","0.1630581","0","5"],["54840","0.0308","0","1"],["54838.5","0.1822499","0","1"],["54838.4","0.0546271","0","1"],["54838.1","0.07904142","0","3"]],"instId":"BTC-USDT","ts":"1722880318305","seqId":30132616857}]}
{"arg":{"channel":"books5","instId":"BTC-USDT"},"data":[{"asks":[["54846.6","0.00799294","0","1"],["54850","0.0338","0","2"],["54852.5","0.00012333","0","1"],["54854.3","0.01","0","1"],["54856.6","0.000015","0","1"]],"bids":[["54846.5","0.31254627","0","6"],["54846","0.0308","0","1"],["54845.8","0.0181","0","1"],["54844","0.0308","0","1"],["54842.4","0.18223697","0","1"]],"instId":"BTC-USDT","ts":"1722880318505","seqId":30132617372}]}
{"arg":{"channel":"books5","instId":"BTC-USDT"},"data":[{"asks":[["54846.6","0.00799294","0","1"],["54848","0.0308","0","1"],["54849.9","0.02028001","0","1"],["54850","0.0338","0","2"],["54852.5","0.00012333","0","1"]],"bids":[["54846.5","0.31254627","0","6"],["54846","0.0308","0","1"],["54845.8","0.0181","0","1"],["54844","0.0308","0","1"],["54843.9","0.0546271","0","1"]],"instId":"BTC-USDT","ts":"1722880318605","seqId":30132617518}]}
{"arg":{"channel":"books5","instId":"BTC-USDT"},"data":[{"asks":[["54846.6","0.00869294","0","2"],["54848","0.0308","0","1"],["54849.9","0.02028001","0","1"],["54850","0.0338","0","2"],["54852.5","0.00012333","0","1"]],"bids":[["54846.5","0.16254627","0","5"],["54846","0.0308","0","1"],["54845.8","0.0181","0","1"],["54844","0.0308","0","1"],["54842.8","0.024","0","1"]],"instId":"BTC-USDT","ts":"1722880318705","seqId":30132617567}]}
{"arg":{"channel":"books5","instId":"BTC-USDT"},"data":[{"asks":[["54850","0.0037","0","2"],["54852","0.0308","0","1"],["54852.5","0.00012333","0","1"],["54854","0.0308","0","1"],["54854.3","0.01","0","1"]],"bids":[["54849.9","0.10640485","0","3"],["54849.8","0.05444142","0","2"],["54848.1","0.0078","0","1"],["54848","0.0308","0","1"],["54847.9","0.18594142","0","2"]],"instId":"BTC-USDT","ts":"1722880318805","seqId":30132617831}]}
{"arg":{"channel":"books5","instId":"BTC-USDT"},"data":[{"asks":[["54850","0.0345","0","3"],["54852","0.0308","0","1"],["54852.5","0.00012333","0","1"],["54853.9","0.02448006","0","1"],["54854","0.0308","0","1"]],"bids":[["54849.9","0.18661485","0","4"],["54849.8","0.05444142","0","2"],["54848.1","0.0078","0","1"],["54848","0.0308","0","1"],["54847.9","0.18594142","0","2"]],"instId":"BTC-USDT","ts":"1722880318905","seqId":30132617946}]}
{"arg":{"channel":"books5","instId":"BTC-USDT"},"data":[{"asks":[["54848.2","0.0918915","0","4"],["54850","0.09179858","0","4"],["54851.9","0.01848009","0","1"],["54852","0.0308","0","1"],["54852.5","0.00012333","0","1"]],"bids":[["54848.1","0.0078","0","1"],["54848","0.0308","0","1"],["54847.2","0.01660706","0","1"],["54846.5","0.06054142","0","2"],["54846","0.0308","0","1"]],"instId":"BTC-USDT","ts":"1722880319005","seqId":30132618060}]}
{"arg":{"channel":"books5","instId":"BTC-USDT"},"data":[{"asks":[["54848.2","0.04754","0","3"],["54849.9","0.04928111","0","3"],["54850","0.09179858","0","4"],["54852","0.0308","0","1"],["54852.5","0.00012333","0","1"]],"bids":[["54848.1","0.08300485","0","3"],["54848","0.0308","0","1"],["54847.2","0.01660706","0","1"],["54846.5","0.06054142","0","2"],["54846","0.0308","0","1"]],"instId":"BTC-USDT","ts":"1722880319105","seqId":30132618150}]}
{"arg":{"channel":"books5","instId":"BTC-USDT"},"data":[{"asks":[["54845.9","0.28168307","0","6"],["54846","0.0308","0","1"],["54846.1","0.0246","0","1"],["54847.9","0.05773209","0","1"],["54848","0.0308","0","1"]],"bids":[["54845.8","0.0181","0","1"],["54844","0.0308","0","1"],["54842","0.06674142","0","2"],["54841.6","0.0185","0","1"],["54841.4","0.07904142","0","3"]],"instId":"BTC-USDT","ts":"1722880319205","seqId":30132618466}]}
{"arg":{"channel":"books5","instId":"BTC-USDT"},"data":[{"asks":[["54845.9","0.05014","0","5"],["54846","0.0308","0","1"],["54847.9","0.04297202","0","1"],["54848","0.0308","0","1"],["54848.2","0.03605858","0","1"]],"bids":[["54845.8","0.07805026","0","4"],["54844","0.0308","0","1"],["54842","0.06674142","0","2"],["54841.6","0.0185","0","1"],["54841.4","0.07904142","0","3"]],"instId":"BTC-USDT","ts":"1722880319305","seqId":30132618558}]}
{"arg":{"channel":"books5","instId":"BTC-USDT"},"data":[{"asks":[["54848","0.0315","0","2"],["54849.9","0.02235673","0","6"],["54850","0.05574","0","3"],["54852","0.0308","0","1"],["54852.5","0.00012333","0","1"]],"bids":[["54847.9","0.15324627","0","5"],["54846","0.0308","0","1"],["54845.8","0.20404142","0","3"],["54844","0.0308","0","1"],["54842.4","0.18223681","0","1"]],"instId":"BTC-USDT","ts":"1722880319405","seqId":30132618683}]}
{"arg":{"channel":"books5","instId":"BTC-USDT"},"data":[{"asks":[["54849.9","0.02305673","0","7"],["54850","0.05574","0","3"],["54851.9","0.01855409","0","1"],["54852","0.0308","0","1"],["54852.5","0.00012333","0","1"]],"bids":[["54849.8","0.0431","0","2"],["54848","0.12583485","0","4"],["54847.9","0.23472627","0","6"],["54846","0.0308","0","1"],["54845.9","0.0546271","0","1"]],"instId":"BTC-USDT","ts":"1722880319505","seqId":30132618825}]}
{"arg":{"channel":"books5","instId":"BTC-USDT"},"data":[{"asks":[["54846.1","0.08987449","0","3"],["54848","0.1108","0","3"],["54848.1","0.11605858","0","3"],["54849.8","0.09686171","0","1"],["54849.9","0.05841531","0","7"]],"bids":[["54846","0.0101","0","1"],["54845.8","0.0181","0","1"],["54844","0.0308","0","1"],["54842","0.06674142","0","2"],["54841.6","0.0185","0","1"]],"instId":"BTC-USDT","ts":"1722880319605","seqId":30132618991}]}
{"arg":{"channel":"books5","instId":"BTC-USDT"},"data":[{"asks":[["54846.1","0.07767449","0","3"],["54848","0.0308","0","1"],["54848.1","0.03605858","0","1"],["54848.2","0.0035467","0","1"],["54849.8","0.03504922","0","1"]],"bids":[["54846","0.0101","0","1"],["54845.8","0.0181","0","1"],["54844","0.0308","0","1"],["54842","0.06674142","0","2"],["54841.6","0.0185","0","1"]],"instId":"BTC-USDT","ts":"1722880319705","seqId":30132619097}]}
{"arg":{"channel":"books5","instId":"BTC-USDT"},"data":[{"asks":[["54846.1","0.0007","0","1"],["54848","0.0308","0","1"],["54848.2","0.0035467","0","1"],["54849.8","0.06411209","0","2"],["54849.9","0.05841531","0","7"]],"bids":[["54846","0.08190485","0","4"],["54845.8","0.0181","0","1"],["54844","0.0308","0","1"],["54842","0.06674142","0","2"],["54841.6","0.0185","0","1"]],"instId":"BTC-USDT","ts":"1722880319805","seqId":30132619168}]}
{"arg":{"channel":"books5","instId":"BTC-USDT"},"data":[{"asks":[["54846.1","0.0007","0","1"],["54848","0.0308","0","1"],["54848.2","0.0035467","0","1"],["54849.9","0.02235673","0","6"],["54850","0.05574","0","3"]],"bids":[["54846","0.30549485","0","6"],["54845.8","0.0181","0","1"],["54844","0.0308","0","1"],["54842","0.24897973","0","3"],["54841.8","0.0546271","0","1"]],"instId":"BTC-USDT","ts":"1722880319905","seqId":30132619264}]}
{"arg":{"channel":"books5","instId":"BTC-USDT"},"data":[{"asks":[["54846.1","0.0007","0","1"],["54847.9","0.09117","0","1"],["54848","0.0308","0","1"],["54848.2","0.0035467","0","1"],["54849.8","0.03369409","0","1"]],"bids":[["54846","0.30536352","0","6"],["54845.8","0.0181","0","1"],["54844","0.0308","0","1"],["54842","0.24897973","0","3"],["54841.8","0.0546271","0","1"]],"instId":"BTC-USDT","ts":"1722880320005","seqId":30132619321}]}
{"arg":{"channel":"books5","instId":"BTC-USDT"},"data":[{"asks":[["54847.9","0.09117","0","1"],["54848.2","0.0035467","0","1"],["54849.9","0.02235673","0","6"],["54850","0.0338","0","2"],["54851.9","0.01855409","0","1"]],"bids":[["54847.8","0.11530485","0","4"],["54846","0.30030009","0","5"],["54845.8","0.0181","0","1"],["54844","0.0708","0","2"],["54842.1","0.00016097","0","1"]],"instId":"BTC-USDT","ts":"1722880320105","seqId":30132619418}]}
{"arg":{"channel":"books5","instId":"BTC-USDT"},"data":[{"asks":[["54875","0.13918839","0","2"],["54877.7","0.0585529","0","1"],["54877.8","0.09758816","0","1"],["54878.6","0.00001501","0","1"],["54880","0.0001169","0","1"]],"bids":[["54867.6","0.01503","0","1"],["54866.5","0.0246","0","1"],["54862","0.0308","0","1"],["54860.3","0.0185","0","1"],["54859.7","0.01503","0","1"]],"instId":"BTC-USDT","ts":"1722880320305","seqId":30132619901}]}
{"arg":{"channel":"books5","instId":"BTC-USDT"},"data":[{"asks":[["54872.1","0.07535858","0","3"],["54873.8","0.03605858","0","1"],["54874","0.0308","0","1"],["54874.2","0.004","0","1"],["54875","0.00001788","0","1"]],"bids":[["54872","0.07155944","0","2"],["54870","0.0308","0","1"],["54867.6","0.15","0","1"],["54866.5","0.0246","0","1"],["54862.1","0.00016097","0","1"]],"instId":"BTC-USDT","ts":"1722880320405","seqId":30132620836}]}
{"arg":{"channel":"books5","instId":"BTC-USDT"},"data":[{"asks":[["54875","0.00001788","0","1"],["54876.7","0.03481643","0","3"],["54878","0.0308","0","1"],["54878.5","0.00529467","0","1"],["54879.9","0.01855015","0","1"]],"bids":[["54874.9","0.13783485","0","5"],["54874","0.0739","0","3"],["54873.7","0.0431","0","2"],["54872.6","0.21054142","0","3"],["54872","0.0408","0","2"]],"instId":"BTC-USDT","ts":"1722880320505","seqId":30132621297}]}
{"arg":{"channel":"books5","instId":"BTC-USDT"},"data":[{"asks":[["54875","0.00235947","0","3"],["54876","0.0308","0","1"],["54877.7","0.08503446","0","1"],["54878","0.0308","0","1"],["54878.5","0.00529467","0","1"]],"bids":[["54874.9","0.13783485","0","5"],["54874","0.0739","0","3"],["54873.7","0.0431","0","2"],["54872.6","0.21054142","0","3"],["54872.4","0.024","0","1"]],"instId":"BTC-USDT","ts":"1722880320605","seqId":30132621483}]}
{"arg":{"channel":"books5","instId":"BTC-USDT"},"data":[{"asks":[["54875","0.00001788","0","1"],["54878.5","0.00529467","0","1"],["54880","0.0309169","0","2"],["54884.1","0.000015","0","1"],["54886.1","0.10492407","0","1"]],"bids":[["54874.9","0.13783485","0","5"],["54874","0.0739","0","3"],["54873.7","0.0431","0","2"],["54872.6","0.21054142","0","3"],["54872.4","0.024","0","1"]],"instId":"BTC-USDT","ts":"1722880320705","seqId":30132621618}]}
{"arg":{"channel":"books5","instId":"BTC-USDT"},"data":[{"asks":[["54878.5","0.00529467","0","1"],["54879.8","0.08364143","0","1"],["54879.9","0.1049243","0","1"],["54880","0.03447799","0","3"],["54884.1","0.000015","0","1"]],"bids":[["54874.9","0.21755485","0","6"],["54874","0.0739","0","3"],["54873.7","0.0431","0","2"],["54872.6","0.21054142","0","3"],["54872.4","0.024","0","1"]],"instId":"BTC-USDT","ts":"1722880320805","seqId":30132621702}]}
{"arg":{"channel":"books5","instId":"BTC-USDT"},"data":[{"asks":[["54872.7","0.05424","0","10"],["54875.8","0.33861619","0","5"],["54876","0.27212618","0","2"],["54876.1","0.18605858","0","2"],["54878","0.0308","0","1"]],"bids":[["54872.6","0.0246","0","1"],["54872","0.0408","0","2"],["54870","0.0308","0","1"],["54869.2","0.18214791","0","1"],["54867.7","0.00016097","0","1"]],"instId":"BTC-USDT","ts":"1722880320905","seqId":30132622150}]}
{"arg":{"channel":"books5","instId":"BTC-USDT"},"data":[{"asks":[["54862.3","0.04016","0","8"],["54864.1","0.18996519","0","6"],["54865.9","0.02804382","0","1"],["54866","0.0308","0","1"],["54866.1","0.03605858","0","1"]],"bids":[["54862.2","0.024","0","1"],["54862","0.0308","0","1"],["54860.3","0.0185","0","1"],["54860","0.0308","0","1"],["54859.1","0.11976998","0","1"]],"instId":"BTC-USDT","ts":"1722880321005","seqId":30132622855}]}
{"arg":{"channel":"books5","instId":"BTC-USDT"},"data":[{"asks":[["54871","0.0383","0","1"],["54871.1","0.06309724","0","1"],["54871.4","0.03606203","0","1"],["54872","0.0308","0","1"],["54872.7","0.00295","0","1"]],"bids":[["54870.2","0.04015944","0","1"],["54870.1","0.08799","0","1"],["54870","0.0308","0","1"],["54869.7","0.0185","0","1"],["54868","0.0308","0","1"]],"instId":"BTC-USDT","ts":"1722880321105","seqId":30132623540}]}
{"arg":{"channel":"books5","instId":"BTC-USDT"},"data":[{"asks":[["54866.1","0.16365022","0","5"],["54868","0.0293","0","1"],["54870.1","0.17641597","0","1"],["54870.2","0.03606203","0","1"],["54870.7","0.03606203","0","1"]],"bids":[["54866","0.0293","0","1"],["54864","0.0308","0","1"],["54862.5","0.0185","0","1"],["54862.2","0.0185","0","1"],["54862","0.0308","0","1"]],"instId":"BTC-USDT","ts":"1722880321205","seqId":30132623905}]}
{"arg":{"channel":"books5","instId":"BTC-USDT"},"data":[{"asks":[["54870","0.0293","0","1"],["54871.9","0.10494364","0","1"],["54872","0.0308","0","1"],["54872.7","0.00295","0","1"],["54874","0.0308","0","1"]],"bids":[["54869.9","0.10784485","0","5"],["54868","0.0293","0","1"],["54866","0.1793","0","2"],["54864","0.0308","0","1"],["54862.5","0.0185","0","1"]],"instId":"BTC-USDT","ts":"1722880321305","seqId":30132624209}]}
{"arg":{"channel":"books5","instId":"BTC-USDT"},"data":[{"asks":[["54870","0.1342457","0","2"],["54871.9","0.01848","0","1"],["54872","0.0308","0","1"],["54872.7","0.00295","0","1"],["54874","0.0308","0","1"]],"bids":[["54869.9","0.06899944","0","4"],["54868","0.0293","0","1"],["54866","0.1793","0","2"],["54864","0.0308","0","1"],["54862.5","0.0185","0","1"]],"instId":"BTC-USDT","ts":"1722880321405","seqId":30132624334}]}
{"arg":{"channel":"books5","instId":"BTC-USDT"},"data":[{"asks":[["54866.1","0.16945897","0","4"],["54868","0.0293","0","1"],["54869.8","0.07164001","0","1"],["54870","0.1194","0","2"],["54872","0.0308","0","1"]],"bids":[["54866","0.05171888","0","3"],["54864","0.0308","0","1"],["54862.5","0.0185","0","1"],["54862.2","0.0185","0","1"],["54862","0.0308","0","1"]],"instId":"BTC-USDT","ts":"1722880321505","seqId":30132624510}]}
{"arg":{"channel":"books5","instId":"BTC-USDT"},"data":[{"asks":[["54864.1","0.21555669","0","7"],["54865.9","0.05397728","0","1"],["54866","0.0293","0","1"],["54866.1","0.06066203","0","2"],["54868","0.0293","0","1"]],"bids":[["54864","0.0493","0","2"],["54862.5","0.0185","0","1"],["54862.2","0.0185","0","1"],["54862","0.0308","0","1"],["54860.3","0.0185","0","1"]],"instId":"BTC-USDT","ts":"1722880321605","seqId":30132624690}]}
{"arg":{"channel":"books5","instId":"BTC-USDT"},"data":[{"asks":[["54864.1","0.007007","0","1"],["54865.9","0.10496071","0","1"],["54866","0.0293","0","1"],["54866.1","0.06066203","0","2"],["54867.9","0.05262461","0","2"]],"bids":[["54864","0.12030485","0","5"],["54862.5","0.0185","0","1"],["54862.2","0.0185","0","1"],["54862","0.0308","0","1"],["54860.3","0.0185","0","1"]],"instId":"BTC-USDT","ts":"1722880321705","seqId":30132624823}]}
{"arg":{"channel":"books5","instId":"BTC-USDT"},"data":[{"asks":[["54868.2","0.06273046","0","2"],["54870","0.0293","0","1"],["54871.9","0.01848003","0","1"],["54872","0.0308","0","1"],["54872.7","0.00295","0","1"]],"bids":[["54868.1","0.01004","0","2"],["54867.9","0.0431","0","2"],["54866","0.0293","0","1"],["54865.8","0.32240797","0","5"],["54864","0.0493","0","2"]],"instId":"BTC-USDT","ts":"1722880321805","seqId":30132625075}]}
{"arg":{"channel":"books5","instId":"BTC-USDT"},"data":[{"asks":[["54874","0.14001658","0","4"],["54876","0.0308","0","1"],["54878","0.0308","0","1"],["54878.5","0.04135325","0","2"],["54879.9","0.02068686","0","1"]],"bids":[["54873.9","0.12335944","0","4"],["54872.3","0.18213762","0","1"],["54872","0.1793","0","2"],["54871.9","0.07903797","0","3"],["54870","0.0293","0","1"]],"instId":"BTC-USDT","ts":"1722880321905","seqId":30132625389}]}
{"arg":{"channel":"books5","instId":"BTC-USDT"},"data":[{"asks":[["54877.9","0.10494322","0","1"],["54878","0.0308","0","1"],["54878.5","0.00529467","0","1"],["54880","0.03447799","0","3"],["54882","0.0293","0","1"]],"bids":[["54877.8","0.23272944","0","8"],["54876","0.0293","0","1"],["54873.9","0.22903797","0","4"],["54872","0.1793","0","2"],["54871.9","0.07903797","0","3"]],"instId":"BTC-USDT","ts":"1722880322005","seqId":30132625664}]}
{"arg":{"channel":"books5","instId":"BTC-USDT"},"data":[{"asks":[["54878.5","0.00529467","0","1"],["54879.9","0.10493642","0","1"],["54880","0.03447799","0","3"],["54882","0.0293","0","1"],["54884","0.0308","0","1"]],"bids":[["54878.4","0.16888741","0","7"],["54878","0.0293","0","1"],["54877.8","0.22903797","0","4"],["54876","0.0293","0","1"],["54875.4","0.024","0","1"]],"instId":"BTC-USDT","ts":"1722880322105","seqId":30132625953}]}
{"arg":{"channel":"books5","instId":"BTC-USDT"},"data":[{"asks":[["54878.5","0.29474236","0","7"],["54879.9","0.02068684","0","1"],["54880","0.03447799","0","3"],["54882","0.0293","0","1"],["54883.9","0.01848009","0","1"]],"bids":[["54878.4","0.00005","0","1"],["54875.4","0.024","0","1"],["54874","0.0293","0","1"],["54873.9","0.0431","0","2"],["54872","0.0293","0","1"]],"instId":"BTC-USDT","ts":"1722880322205","seqId":30132626113}]}
{"arg":{"channel":"books5","instId":"BTC-USDT"},"data":[{"asks":[["54896.1","0.18765581","0","4"],["54897.4","0.00120027","0","2"],["54898","0.0293","0","1"],["54898.3","0.00001147","0","1"],["54898.6","0.0033893","0","1"]],"bids":[["54896","0.07025944","0","2"],["54894.7","0.0246","0","1"],["54894","0.0293","0","1"],["54892.1","0.00016097","0","1"],["54892","0.0293","0","1"]],"instId":"BTC-USDT","ts":"1722880322305","seqId":30132626927}]}
{"arg":{"channel":"books5","instId":"BTC-USDT"},"data":[{"asks":[["54890","0.0293","0","1"],["54891.9","0.25110444","0","5"],["54892","0.1702","0","5"],["54893.5","0.0546271","0","1"],["54893.7","0.0246","0","1"]],"bids":[["54888","0.0283","0","1"],["54887.6","0.0185","0","1"],["54887.5","0.18208729","0","1"],["54886","0.0293","0","1"],["54885.5","0.0185","0","1"]],"instId":"BTC-USDT","ts":"1722880322405","seqId":30132627316}]}
{"arg":{"channel":"books5","instId":"BTC-USDT"},"data":[{"asks":[["54888.1","0.30010797","0","7"],["54890","0.0653","0","2"],["54891.8","0.06295949","0","1"],["54892","0.0899","0","3"],["54893.5","0.0546271","0","1"]],"bids":[["54888","0.0468","0","2"],["54887.6","0.0185","0","1"],["54886","0.0293","0","1"],["54885.5","0.0185","0","1"],["54884","0.0293","0","1"]],"instId":"BTC-USDT","ts":"1722880322505","seqId":30132627558}]}
{"arg":{"channel":"books5","instId":"BTC-USDT"},"data":[{"asks":[["54884.1","0.24860481","0","7"],["54885.9","0.05394009","0","1"],["54886","0.0293","0","1"],["54886.1","0.0606","0","2"],["54888","0.0293","0","1"]],"bids":[["54884","0.0293","0","1"],["54882","0.0293","0","1"],["54880","0.0293","0","1"],["54879.6","0.0185","0","1"],["54878.5","0.11976998","0","1"]],"instId":"BTC-USDT","ts":"1722880322605","seqId":30132627880}]}
{"arg":{"channel":"books5","instId":"BTC-USDT"},"data":[{"asks":[["54882.1","0.30358446","0","7"],["54884","0.0293","0","1"],["54884.1","0.0606","0","2"],["54885.9","0.03636006","0","1"],["54886","0.0293","0","1"]],"bids":[["54882","0.0478","0","2"],["54880","0.0293","0","1"],["54879.6","0.0185","0","1"],["54878.4","0.0431","0","2"],["54878","0.0293","0","1"]],"instId":"BTC-USDT","ts":"1722880322705","seqId":30132628081}]}
{"arg":{"channel":"books5","instId":"BTC-USDT"},"data":[{"asks":[["54887.9","0.03718387","0","1"],["54888","0.0293","0","1"],["54889.6","0.000015","0","1"],["54889.9","0.03918004","0","1"],["54890","0.0653","0","2"]],"bids":[["54886","0.00704","0","1"],["54885.9","0.16025944","0","5"],["54884","0.0293","0","1"],["54883.9","0.0431","0","2"],["54882","0.1084","0","4"]],"instId":"BTC-USDT","ts":"1722880322805","seqId":30132628297}]}
{"arg":{"channel":"books5","instId":"BTC-USDT"},"data":[{"asks":[["54890","0.03275749","0","1"],["54892","0.0293","0","1"],["54893.9","0.04157042","0","1"],["54894","0.0293","0","1"],["54894.1","0.06928388","0","6"]],"bids":[["54889.9","0.12355944","0","4"],["54889.6","0.18208023","0","1"],["54888","0.0293","0","1"],["54887.9","0.0246","0","1"],["54887.8","0.0431","0","2"]],"instId":"BTC-USDT","ts":"1722880322905","seqId":30132628694}]}
{"arg":{"channel":"books5","instId":"BTC-USDT"},"data":[{"asks":[["54894.1","0.01545375","0","3"],["54897.4","0.00007025","0","1"],["54897.9","0.00357016","0","1"],["54898","0.0293","0","1"],["54898.3","0.00001147","0","1"]],"bids":[["54894","0.17844944","0","7"],["54893.9","0.0431","0","2"],["54892","0.0293","0","1"],["54891.9","0.0606","0","2"],["54890","0.0293","0","1"]],"instId":"BTC-USDT","ts":"1722880323005","seqId":30132629014}]}
{"arg":{"channel":"books5","instId":"BTC-USDT"},"data":[{"asks":[["54897.4","0.19239662","0","4"],["54897.9","0.00357016","0","1"],["54898.3","0.00001147","0","1"],["54898.6","0.0033893","0","1"],["54900","0.03273623","0","5"]],"bids":[["54897.3","0.00005","0","1"],["54896","0.0293","0","1"],["54894","0.0293","0","1"],["54893.9","0.0431","0","2"],["54892.5","0.18207068","0","1"]],"instId":"BTC-USDT","ts":"1722880323105","seqId":30132629314}]}
{"arg":{"channel":"books5","instId":"BTC-USDT"},"data":[{"asks":[["54892.7","0.0246","0","1"],["54893.9","0.17956172","0","2"],["54894","0.1375295","0","2"],["54894.1","0.0606","0","2"],["54896.1","0.0606","0","2"]],"bids":[["54892.6","0.03786536","0","3"],["54892.5","0.18207068","0","1"],["54892","0.0293","0","1"],["54890","0.0293","0","1"],["54889.9","0.0246","0","1"]],"instId":"BTC-USDT","ts":"1722880323205","seqId":30132629594}]}
{"arg":{"channel":"books5","instId":"BTC-USDT"},"data":[{"asks":[["54892.7","0.20563896","0","3"],["54894.1","0.036","0","1"],["54896","0.03636","0","1"],["54896.1","0.0606","0","2"],["54897.4","0.03607025","0","2"]],"bids":[["54892.6","0.06557128","0","4"],["54892","0.0293","0","1"],["54890","0.0293","0","1"],["54889.9","0.0246","0","1"],["54888","0.0293","0","1"]],"instId":"BTC-USDT","ts":"1722880323305","seqId":30132629714}]}
{"arg":{"channel":"books5","instId":"BTC-USDT"},"data":[{"asks":[["54886","0.13957319","0","4"],["54886.1","0.036","0","1"],["54888.1","0.0246","0","1"],["54889.9","0.06036001","0","1"],["54890.1","0.0606","0","2"]],"bids":[["54885.9","0.08146536","0","3"],["54884","0.0293","0","1"],["54883.9","0.0246","0","1"],["54882","0.0724","0","3"],["54881.5","0.000015","0","1"]],"instId":"BTC-USDT","ts":"1722880323405","seqId":30132630203}]}
{"arg":{"channel":"books5","instId":"BTC-USDT"},"data":[{"asks":[["54890","0.10492996","0","1"],["54890.1","0.0246","0","1"],["54892","0.05796002","0","1"],["54892.1","0.0606","0","2"],["54892.7","0.036","0","1"]],"bids":[["54889.9","0.03164","0","2"],["54888","0.0293","0","1"],["54886","0.0293","0","1"],["54885.9","0.0246","0","1"],["54884.4","0.15","0","1"]],"instId":"BTC-USDT","ts":"1722880323505","seqId":30132630358}]}
{"arg":{"channel":"books5","instId":"BTC-USDT"},"data":[{"asks":[["54886.1","0.25966525","0","6"],["54889.9","0.152958","0","1"],["54890","0.15","0","1"],["54890.1","0.0246","0","1"],["54892","0.03636003","0","1"]],"bids":[["54886","0.0293","0","1"],["54884","0.0293","0","1"],["54883.9","0.0246","0","1"],["54882.3","0.04","0","1"],["54882","0.0724","0","3"]],"instId":"BTC-USDT","ts":"1722880323605","seqId":30132630492}]}
{"arg":{"channel":"books5","instId":"BTC-USDT"},"data":[{"asks":[["54884.1","0.31050523","0","7"],["54886.1","0.036","0","1"],["54889.6","0.000015","0","1"],["54889.9","0.07055198","0","1"],["54890","0.15","0","1"]],"bids":[["54884","0.06990592","0","2"],["54883.9","0.0246","0","1"],["54882","0.0539","0","2"],["54880","0.0293","0","1"],["54879.6","0.0185","0","1"]],"instId":"BTC-USDT","ts":"1722880323705","seqId":30132630655}]}
{"arg":{"channel":"books5","instId":"BTC-USDT"},"data":[{"asks":[["54884.1","0.03154815","0","1"],["54889.6","0.000015","0","1"],["54890.1","0.0246","0","1"],["54892","0.02160009","0","1"],["54892.1","0.0606","0","2"]],"bids":[["54884","0.08336536","0","3"],["54883.9","0.0246","0","1"],["54882","0.0539","0","2"],["54880","0.0293","0","1"],["54879.7","0.18211227","0","1"]],"instId":"BTC-USDT","ts":"1722880323805","seqId":30132630753}]}
{"arg":{"channel":"books5","instId":"BTC-USDT"},"data":[{"asks":[["54906.1","0.0246","0","1"],["54907.1","0.10904","0","3"],["54907.2","0.0843","0","3"],["54908.1","0.00534023","0","1"],["54909.4","0.0135967","0","1"]],"bids":[["54906","0.0293","0","1"],["54904","0.0293","0","1"],["54903.6","0.00016097","0","1"],["54902","0.0293","0","1"],["54900.7","0.00016097","0","1"]],"instId":"BTC-USDT","ts":"1722880323905","seqId":30132631569}]}
{"arg":{"channel":"books5","instId":"BTC-USDT"},"data":[{"asks":[["54909.4","0.0741967","0","3"],["54910.9","0.00345625","0","2"],["54911.6","0.00345625","0","2"],["54912","0.00005583","0","1"],["54912.1","0.00006475","0","1"]],"bids":[["54909.3","0.03464","0","3"],["54908","0.0293","0","1"],["54906","0.0539","0","2"],["54904","0.0293","0","1"],["54902.1","0.00016097","0","1"]],"instId":"BTC-USDT","ts":"1722880324005","seqId":30132631915}]}
{"arg":{"channel":"books5","instId":"BTC-USDT"},"data":[{"asks":[["54902.1","0.11322","0","5"],["54904","0.02160003","0","1"],["54904.1","0.036","0","1"],["54908.1","0.036","0","1"],["54909.3","0.12096005","0","1"]],"bids":[["54902","0.07990592","0","3"],["54900","0.0293","0","1"],["54898.9","0.024","0","1"],["54897.7","0.00099759","0","2"],["54895.1","0.00016097","0","1"]],"instId":"BTC-USDT","ts":"1722880324105","seqId":30132632235}]}
{"arg":{"channel":"books5","instId":"BTC-USDT"},"data":[{"asks":[["54896.1","0.08741315","0","2"],["54899.9","0.0216","0","1"],["54900.1","0.036","0","1"],["54902.1","0.036","0","1"],["54903.4","0.018374","0","1"]],"bids":[["54896","0.0904772","0","6"],["54894","0.0293","0","1"],["54892.3","0.000015","0","1"],["54892","0.0293","0","1"],["54890.1","0.00016057","0","1"]],"instId":"BTC-USDT","ts":"1722880324205","seqId":30132632749}]}
{"arg":{"channel":"books5","instId":"BTC-USDT"},"data":[{"asks":[["54898.1","0.00294","0","1"],["54899.9","0.07342119","0","2"],["54902","0.02160006","0","1"],["54902.1","0.036","0","1"],["54904.1","0.036","0","1"]],"bids":[["54898","0.0293","0","1"],["54896","0.0838","0","3"],["54894","0.0293","0","1"],["54892.3","0.000015","0","1"],["54892","0.0293","0","1"]],"instId":"BTC-USDT","ts":"1722880324305","seqId":30132632923}]}
{"arg":{"channel":"books5","instId":"BTC-USDT"},"data":[{"asks":[["54896.1","0.10471409","0","4"],["54898.1","0.036","0","1"],["54902","0.02160006","0","1"],["54902.1","0.036","0","1"],["54904.1","0.03785764","0","2"]],"bids":[["54896","0.07045944","0","2"],["54894","0.0293","0","1"],["54892","0.0293","0","1"],["54890.1","0.00016057","0","1"],["54890","0.0478","0","2"]],"instId":"BTC-USDT","ts":"1722880324405","seqId":30132633132}]}
{"arg":{"channel":"books5","instId":"BTC-USDT"},"data":[{"asks":[["54896.1","0.10471409","0","4"],["54898.1","0.036","0","1"],["54902","0.02160006","0","1"],["54902.1","0.036","0","1"],["54904.1","0.03785764","0","2"]],"bids":[["54896","0.08096536","0","3"],["54894","0.0293","0","1"],["54892","0.0293","0","1"],["54890.1","0.00016057","0","1"],["54890","0.0478","0","2"]],"instId":"BTC-USDT","ts":"1722880324505","seqId":30132633181}]}
{"arg":{"channel":"books5","instId":"BTC-USDT"},"data":[{"asks":[["54894.1","0.17052765","0","7"],["54896.1","0.036","0","1"],["54898","0.02160005","0","1"],["54898.1","0.036","0","1"],["54899.5","0.09000006","0","1"]],"bids":[["54894","0.0293","0","1"],["54892","0.0293","0","1"],["54890","0.0478","0","2"],["54888","0.0293","0","1"],["54886.9","0.000015","0","1"]],"instId":"BTC-USDT","ts":"1722880324605","seqId":30132633289}]}
{"arg":{"channel":"books5","instId":"BTC-USDT"},"data":[{"asks":[["54888.1","0.0147","0","5"],["54890.1","0.18857689","0","7"],["54892","0.09599832","0","1"],["54894.1","0.036","0","1"],["54896.1","0.036","0","1"]],"bids":[["54888","0.0293","0","1"],["54886.9","0.000015","0","1"],["54886","0.0293","0","1"],["54885.1","0.00016057","0","1"],["54884.5","0.15","0","1"]],"instId":"BTC-USDT","ts":"1722880324705","seqId":30132633590}]}
{"arg":{"channel":"books5","instId":"BTC-USDT"},"data":[{"asks":[["54888.1","0.09709085","0","3"],["54890.1","0.036","0","1"],["54893.2","0.04450909","0","1"],["54893.5","0.09000004","0","1"],["54893.6","0.15","0","1"]],"bids":[["54888","0.02898834","0","1"],["54886","0.0293","0","1"],["54884.1","0.00691231","0","1"],["54883.9","0.0246","0","1"],["54882.1","0.00016057","0","1"]],"instId":"BTC-USDT","ts":"1722880324805","seqId":30132633766}]}
{"arg":{"channel":"books5","instId":"BTC-USDT"},"data":[{"asks":[["54888.1","0.08917346","0","2"],["54890.1","0.036","0","1"],["54894.1","0.036","0","1"],["54895.1","0.00001501","0","1"],["54896","0.02160002","0","1"]],"bids":[["54888","0.08204778","0","3"],["54886","0.0293","0","1"],["54884.1","0.00691231","0","1"],["54883.9","0.0246","0","1"],["54882.1","0.00016057","0","1"]],"instId":"BTC-USDT","ts":"1722880324905","seqId":30132633847}]}
{"arg":{"channel":"books5","instId":"BTC-USDT"},"data":[{"asks":[["54888.1","0.08917346","0","2"],["54893.5","0.09000007","0","1"],["54893.6","0.15","0","1"],["54894.1","0.036","0","1"],["54895.1","0.00001501","0","1"]],"bids":[["54888","0.05804778","0","2"],["54886","0.0293","0","1"],["54884.1","0.00691231","0","1"],["54883.9","0.0246","0","1"],["54882.1","0.00016057","0","1"]],"instId":"BTC-USDT","ts":"1722880325005","seqId":30132634051}]}
{"arg":{"channel":"books5","instId":"BTC-USDT"},"data":[{"asks":[["54886.1","0.1086474","0","3"],["54893.5","0.09000007","0","1"],["54893.6","0.15","0","1"],["54894.1","0.036","0","1"],["54895.1","0.00001501","0","1"]],"bids":[["54886","0.0293","0","1"],["54884.1","0.00691231","0","1"],["54884","0.0293","0","1"],["54883.9","0.0246","0","1"],["54882","0.0246","0","1"]],"instId":"BTC-USDT","ts":"1722880325105","seqId":30132634201}]}
{"arg":{"channel":"books5","instId":"BTC-USDT"},"data":[{"asks":[["54884.2","0.17065701","0","6"],["54886","0.1116","0","1"],["54886.1","0.186","0","2"],["54889.5","0.0546271","0","1"],["54892.3","0.10924236","0","1"]],"bids":[["54884.1","0.00691231","0","1"],["54882","0.0293","0","1"],["54880","0.0293","0","1"],["54879.6","0.0185","0","1"],["54878.4","0.0431","0","2"]],"instId":"BTC-USDT","ts":"1722880325205","seqId":30132634429}]}
{"arg":{"channel":"books5","instId":"BTC-USDT"},"data":[{"asks":[["54884.2","0.32065701","0","7"],["54886.1","0.186","0","2"],["54892.3","0.10924236","0","1"],["54892.4","0.18207059","0","1"],["54893.6","0.15","0","1"]],"bids":[["54884.1","0.00691231","0","1"],["54880","0.0293","0","1"],["54878.4","0.0246","0","1"],["54876.1","0.00016057","0","1"],["54875.7","0.00016057","0","1"]],"instId":"BTC-USDT","ts":"1722880325305","seqId":30132634552}]}
{"arg":{"channel":"books5","instId":"BTC-USDT"},"data":[{"asks":[["54899.6","0.036","0","1"],["54900.6","0.00001501","0","1"],["54900.8","0.02878116","0","1"],["54901.3","0.04796859","0","1"],["54904.1","0.00185764","0","1"]],"bids":[["54895.4","0.0246","0","1"],["54894.2","0.04025944","0","1"],["54894.1","0.14007128","0","5"],["54894","0.0293","0","1"],["54890","0.0293","0","1"]],"instId":"BTC-USDT","ts":"1722880325405","seqId":30132634895}]}
{"arg":{"channel":"books5","instId":"BTC-USDT"},"data":[{"asks":[["54900.6","0.06609292","0","4"],["54905.4","0.04","0","1"],["54905.5","0.09000002","0","1"],["54905.6","0.15","0","1"],["54906.1","0.000015","0","1"]],"bids":[["54900.5","0.003","0","1"],["54898","0.0293","0","1"],["54896","0.0293","0","1"],["54895.7","0.0246","0","1"],["54895.4","0.0431","0","2"]],"instId":"BTC-USDT","ts":"1722880325505","seqId":30132635232}]}
{"arg":{"channel":"books5","instId":"BTC-USDT"},"data":[{"asks":[["54896.1","0.16454315","0","5"],["54897.9","0.0802874","0","1"],["54898.1","0.036","0","1"],["54900","0.02160009","0","1"],["54900.1","0.036","0","1"]],"bids":[["54895.4","0.0246","0","1"],["54894.1","0.0246","0","1"],["54894","0.0293","0","1"],["54892","0.0293","0","1"],["54890.4","0.00016057","0","1"]],"instId":"BTC-USDT","ts":"1722880325605","seqId":30132635407}]}
{"arg":{"channel":"books5","instId":"BTC-USDT"},"data":[{"asks":[["54892.1","0.11229375","0","3"],["54894.2","0.036","0","1"],["54895.4","0.02160004","0","1"],["54895.5","0.036","0","1"],["54896.1","0.036","0","1"]],"bids":[["54892","0.0293","0","1"],["54890","0.0293","0","1"],["54887.2","0.024","0","1"],["54886.9","0.018515","0","2"],["54886","0.0293","0","1"]],"instId":"BTC-USDT","ts":"1722880325705","seqId":30132635672}]}
{"arg":{"channel":"books5","instId":"BTC-USDT"},"data":[{"asks":[["54890.1","0.06951757","0","2"],["54892","0.13461633","0","3"],["54892.1","0.036","0","1"],["54894.2","0.036","0","1"],["54895.4","0.02160004","0","1"]],"bids":[["54890","0.0293","0","1"],["54888","0.0293","0","1"],["54887.2","0.024","0","1"],["54886.9","0.0185","0","1"],["54886","0.0293","0","1"]],"instId":"BTC-USDT","ts":"1722880325805","seqId":30132635743}]}
{"arg":{"channel":"books5","instId":"BTC-USDT"},"data":[{"asks":[["54886.1","0.14414025","0","3"],["54888.1","0.076","0","2"],["54889.9","0.0216","0","1"],["54890.1","0.036","0","1"],["54892.1","0.036","0","1"]],"bids":[["54886","0.0293","0","1"],["54884.1","0.03151231","0","2"],["54884","0.0293","0","1"],["54883.4","0.024","0","1"],["54882","0.0293","0","1"]],"instId":"BTC-USDT","ts":"1722880325905","seqId":30132635991}]}
{"arg":{"channel":"books5","instId":"BTC-USDT"},"data":[{"asks":[["54886.1","0.14414025","0","3"],["54888.1","0.036","0","1"],["54889.9","0.0216","0","1"],["54890.1","0.036","0","1"],["54892.1","0.036","0","1"]],"bids":[["54886","0.0293","0","1"],["54884.1","0.03151231","0","2"],["54884","0.0293","0","1"],["54883.4","0.024","0","1"],["54882","0.0293","0","1"]],"instId":"BTC-USDT","ts":"1722880326005","seqId":30132636060}]}
{"arg":{"channel":"books5","instId":"BTC-USDT"},"data":[{"asks":[["54884.2","0.09365612","0","2"],["54886.1","0.036","0","1"],["54888","0.02160007","0","1"],["54888.1","0.036","0","1"],["54889.5","0.10924791","0","1"]],"bids":[["54884.1","0.03151231","0","2"],["54884","0.0293","0","1"],["54882","0.0293","0","1"],["54880","0.0293","0","1"],["54878.4","0.0246","0","1"]],"instId":"BTC-USDT","ts":"1722880326105","seqId":30132636225}]}
{"arg":{"channel":"books5","instId":"BTC-USDT"},"data":[{"asks":[["54878.5","0.10324","0","3"],["54883.9","0.17594406","0","1"],["54884","0.06724","0","2"],["54884.2","0.036","0","1"],["54886.1","0.036","0","1"]],"bids":[["54878.4","0.07836536","0","3"],["54878.1","0.024","0","1"],["54878","0.0293","0","1"],["54876.1","0.000015","0","1"],["54876","0.0293","0","1"]],"instId":"BTC-USDT","ts":"1722880326205","seqId":30132636469}]}
{"arg":{"channel":"books5","instId":"BTC-USDT"},"data":[{"asks":[["54883.3","0.1678808","0","2"],["54883.4","0.18210017","0","1"],["54884.2","0.036","0","1"],["54886.1","0.036","0","1"],["54888","0.02160004","0","1"]],"bids":[["54883.2","0.03164","0","2"],["54882","0.0293","0","1"],["54878.4","0.0246","0","1"],["54878","0.0293","0","1"],["54876.1","0.000015","0","1"]],"instId":"BTC-USDT","ts":"1722880326305","seqId":30132636633}]}
{"arg":{"channel":"books5","instId":"BTC-USDT"},"data":[{"asks":[["54882.1","0.117808","0","3"],["54883.3","0.036","0","1"],["54884.2","0.036","0","1"],["54886.1","0.036","0","1"],["54888","0.02160009","0","1"]],"bids":[["54882","0.0293","0","1"],["54880","0.0293","0","1"],["54878.4","0.0246","0","1"],["54878","0.0293","0","1"],["54877.8","0.04","0","1"]],"instId":"BTC-USDT","ts":"1722880326405","seqId":30132636742}]}
{"arg":{"channel":"books5","instId":"BTC-USDT"},"data":[{"asks":[["54874.2","0.0246","0","1"],["54876.1","0.03362","0","1"],["54876.3","0.03362","0","1"],["54878.2","0.15","0","1"],["54878.4","0.185184","0","5"]],"bids":[["54874","0.0293","0","1"],["54872","0.0293","0","1"],["54871.9","0.024","0","1"],["54870.7","0.000015","0","1"],["54869.7","0.00016057","0","1"]],"instId":"BTC-USDT","ts":"1722880326505","seqId":30132636996}]}
{"arg":{"channel":"books5","instId":"BTC-USDT"},"data":[{"asks":[["54872.1","0.12784","0","4"],["54873.9","0.02160001","0","1"],["54874.2","0.036","0","1"],["54877.3","0.10927207","0","1"],["54877.4","0.18212011","0","1"]],"bids":[["54872","0.0293","0","1"],["54870","0.0293","0","1"],["54866.2","0.00016057","0","1"],["54866.1","0.00529462","0","1"],["54865.8","0.0185","0","1"]],"instId":"BTC-USDT","ts":"1722880326605","seqId":30132637427}]}
{"arg":{"channel":"books5","instId":"BTC-USDT"},"data":[{"asks":[["54866.2","0.13999619","0","2"],["54868.1","0.036","0","1"],["54869.9","0.02160004","0","1"],["54870.1","0.036","0","1"],["54872.1","0.036","0","1"]],"bids":[["54866.1","0.02989462","0","2"],["54866","0.0293","0","1"],["54864","0.0293","0","1"],["54862.7","0.000015","0","1"],["54859.9","0.00017558","0","2"]],"instId":"BTC-USDT","ts":"1722880326705","seqId":30132637763}]}
{"arg":{"channel":"books5","instId":"BTC-USDT"},"data":[{"asks":[["54866.2","0.13999619","0","2"],["54868.1","0.036","0","1"],["54869.9","0.02160004","0","1"],["54870.1","0.036","0","1"],["54872.1","0.036","0","1"]],"bids":[["54866.1","0.06790054","0","3"],["54866","0.0293","0","1"],["54864","0.0293","0","1"],["54862.7","0.000015","0","1"],["54859.9","0.00017558","0","2"]],"instId":"BTC-USDT","ts":"1722880326805","seqId":30132637887}]}
{"arg":{"channel":"books5","instId":"BTC-USDT"},"data":[{"asks":[["54860.1","0.0972","0","2"],["54862.1","0.036","0","1"],["54866.1","0.02160001","0","1"],["54866.2","0.036","0","1"],["54867.6","0.00001501","0","1"]],"bids":[["54860","0.11246536","0","4"],["54859.9","0.0246","0","1"],["54858","0.0293","0","1"],["54854.6","0.00016057","0","1"],["54854.5","0.15001501","0","2"]],"instId":"BTC-USDT","ts":"1722880326905","seqId":30132638263}]}
{"arg":{"channel":"books5","instId":"BTC-USDT"},"data":[{"asks":[["54860.1","0.0972","0","2"],["54862.1","0.036","0","1"],["54866.2","0.036","0","1"],["54867.6","0.00001501","0","1"],["54868","0.02160004","0","1"]],"bids":[["54860","0.19708536","0","5"],["54859.9","0.0246","0","1"],["54858","0.0293","0","1"],["54854.6","0.00016057","0","1"],["54854.5","0.15001501","0","2"]],"instId":"BTC-USDT","ts":"1722880327005","seqId":30132638332}]}
{"arg":{"channel":"books5","instId":"BTC-USDT"},"data":[{"asks":[["54878.5","0.00691371","0","1"],["54882.1","0.15","0","1"],["54883.2","0.182277","0","1"],["54883.3","0.00499278","0","1"],["54884","0.00185764","0","1"]],"bids":[["54877.4","0.0185","0","1"],["54872.1","0.03275944","0","1"],["54871.7","0.00455944","0","1"],["54871.6","0.01503","0","1"],["54871.4","0.04126536","0","2"]],"instId":"BTC-USDT","ts":"1722880327105","seqId":30132638565}]}
{"arg":{"channel":"books5","instId":"BTC-USDT"},"data":[{"asks":[["54869.3","0.0246","0","1"],["54872","0.10574","0","3"],["54872.1","0.0745","0","2"],["54875.4","0.186","0","2"],["54878.1","0.04","0","1"]],"bids":[["54869.2","0.024","0","1"],["54868.6","0.00364222","0","1"],["54867.4","0.00306149","0","1"],["54866.1","0.00932268","0","2"],["54866","0.0293","0","1"]],"instId":"BTC-USDT","ts":"1722880327205","seqId":30132639267}]}
{"arg":{"channel":"books5","instId":"BTC-USDT"},"data":[{"asks":[["54866.2","0.09184","0","3"],["54869.2","0.06529208","0","1"],["54869.3","0.10882","0","2"],["54872","0.02160004","0","1"],["54872.1","0.036","0","1"]],"bids":[["54866.1","0.01825711","0","4"],["54866","0.0293","0","1"],["54865.3","0.000015","0","1"],["54864","0.05328357","0","2"],["54862.6","0.0246","0","1"]],"instId":"BTC-USDT","ts":"1722880327305","seqId":30132639648}]}
{"arg":{"channel":"books5","instId":"BTC-USDT"},"data":[{"asks":[["54864.1","0.14164009","0","3"],["54866.1","0.092504","0","2"],["54866.2","0.09184","0","3"],["54869.2","0.2474394","0","2"],["54869.3","0.10882","0","2"]],"bids":[["54864","0.0293","0","1"],["54862","0.0293","0","1"],["54861.9","0.0246","0","1"],["54860","0.0412","0","2"],["54859.9","0.024615","0","2"]],"instId":"BTC-USDT","ts":"1722880327405","seqId":30132639836}]}
{"arg":{"channel":"books5","instId":"BTC-USDT"},"data":[{"asks":[["54858.1","0.0246","0","1"],["54858.6","0.036","0","1"],["54861.8","0.15074407","0","1"],["54862.1","0.036","0","1"],["54864.1","0.036","0","1"]],"bids":[["54858","0.0293","0","1"],["54856","0.0293","0","1"],["54854.5","0.00001501","0","1"],["54849.7","0.00016057","0","1"],["54849.2","0.13606705","0","2"]],"instId":"BTC-USDT","ts":"1722880327505","seqId":30132640119}]}
{"arg":{"channel":"books5","instId":"BTC-USDT"},"data":[{"asks":[["54852.1","0.14699208","0","3"],["54854.6","0.036","0","1"],["54858.1","0.036","0","1"],["54858.6","0.036","0","1"],["54861","0.10930475","0","1"]],"bids":[["54852","0.0293","0","1"],["54850","0.0293","0","1"],["54849.2","0.01823177","0","1"],["54848.1","0.00529735","0","1"],["54848","0.0293","0","1"]],"instId":"BTC-USDT","ts":"1722880327605","seqId":30132640704}]}
{"arg":{"channel":"books5","instId":"BTC-USDT"},"data":[{"asks":[["54850.1","0.09747711","0","2"],["54852","0.15543527","0","3"],["54852.1","0.036","0","1"],["54854.6","0.036","0","1"],["54855.5","0.10931572","0","1"]],"bids":[["54850","0.0293","0","1"],["54849.2","0.01823177","0","1"],["54848.1","0.00529735","0","1"],["54848","0.0293","0","1"],["54844.6","0.00016057","0","1"]],"instId":"BTC-USDT","ts":"1722880327705","seqId":30132640820}]}
{"arg":{"channel":"books5","instId":"BTC-USDT"},"data":[{"asks":[["54844.7","0.08900871","0","2"],["54848","0.14024","0","4"],["54848.1","0.0367","0","2"],["54849.9","0.09191179","0","1"],["54850.1","0.036","0","1"]],"bids":[["54844","0.0293","0","1"],["54842","0.0293","0","1"],["54838.5","0.00016057","0","1"],["54838.3","0.000015","0","1"],["54838.1","0.00076745","0","2"]],"instId":"BTC-USDT","ts":"1722880327805","seqId":30132641124}]}
{"arg":{"channel":"books5","instId":"BTC-USDT"},"data":[{"asks":[["54838.1","0.18663608","0","5"],["54840","0.17700404","0","4"],["54840.1","0.10324","0","3"],["54842.1","0.036","0","1"],["54844.1","0.036","0","1"]],"bids":[["54838","0.0278","0","1"],["54836","0.0278","0","1"],["54835.5","0.00001501","0","1"],["54832.9","0.000015","0","1"],["54832.4","0.00016057","0","1"]],"instId":"BTC-USDT","ts":"1722880327905","seqId":30132641632}]}
{"arg":{"channel":"books5","instId":"BTC-USDT"},"data":[{"asks":[["54836.1","0.16600073","0","3"],["54838","0.0278","0","1"],["54838.1","0.036","0","1"],["54839.3","0.01823311","0","1"],["54839.9","0.03512408","0","1"]],"bids":[["54836","0.0463","0","2"],["54835.5","0.00001501","0","1"],["54834","0.0278","0","1"],["54832.9","0.000015","0","1"],["54832.7","0.01495458","0","1"]],"instId":"BTC-USDT","ts":"1722880328005","seqId":30132641913}]}
{"arg":{"channel":"books5","instId":"BTC-USDT"},"data":[{"asks":[["54834.1","0.10240033","0","2"],["54836","0.0278","0","1"],["54836.1","0.59687601","0","3"],["54837.8","0.02160009","0","1"],["54838","0.0278","0","1"]],"bids":[["54834","0.0463","0","2"],["54832.7","0.01495458","0","1"],["54832","0.0278","0","1"],["54830.7","0.009","0","1"],["54830.2","0.01495526","0","1"]],"instId":"BTC-USDT","ts":"1722880328105","seqId":30132642197}]}
{"arg":{"channel":"books5","instId":"BTC-USDT"},"data":[{"asks":[["54834.1","0.10240033","0","2"],["54836","0.0278","0","1"],["54836.1","0.59687601","0","3"],["54837.8","0.02160009","0","1"],["54838","0.0278","0","1"]],"bids":[["54834","0.0278","0","1"],["54832","0.0278","0","1"],["54830.1","0.00529995","0","1"],["54827.7","0.00016057","0","1"],["54827.5","0.000015","0","1"]],"instId":"BTC-USDT","ts":"1722880328205","seqId":30132642293}]}
{"arg":{"channel":"books5","instId":"BTC-USDT"},"data":[{"asks":[["54834.1","0.14240033","0","3"],["54836","0.0278","0","1"],["54836.1","0.59687601","0","3"],["54837.8","0.02160009","0","1"],["54838","0.0278","0","1"]],"bids":[["54834","0.07305944","0","3"],["54832","0.0278","0","1"],["54830.1","0.00529995","0","1"],["54827.7","0.00016057","0","1"],["54827.5","0.000015","0","1"]],"instId":"BTC-USDT","ts":"1722880328305","seqId":30132642448}]}
{"arg":{"channel":"books5","instId":"BTC-USDT"},"data":[{"asks":[["54834.1","0.14240033","0","3"],["54836","0.0278","0","1"],["54836.1","0.05423311","0","2"],["54837.8","0.29243408","0","2"],["54838","0.0278","0","1"]],"bids":[["54834","0.06866444","0","3"],["54832","0.0278","0","1"],["54830.1","0.00529995","0","1"],["54828","0.04","0","1"],["54827.5","0.000015","0","1"]],"instId":"BTC-USDT","ts":"1722880328405","seqId":30132642494}]}
{"arg":{"channel":"books5","instId":"BTC-USDT"},"data":[{"asks":[["54830.2","0.17827159","0","5"],["54832","0.0278","0","1"],["54833.8","0.02400008","0","1"],["54833.9","0.04","0","1"],["54834.1","0.09423311","0","3"]],"bids":[["54828","0.0278","0","1"],["54826","0.0278","0","1"],["54824.1","0.00016057","0","1"],["54822.1","0.00017558","0","2"],["54821.3","0.11783528","0","1"]],"instId":"BTC-USDT","ts":"1722880328505","seqId":30132642885}]}
{"arg":{"channel":"books5","instId":"BTC-USDT"},"data":[{"asks":[["54861.1","0.08714157","0","2"],["54861.2","0.04581915","0","2"],["54861.3","0.04025014","0","1"],["54861.9","0.00037927","0","1"],["54867.3","0.18235","0","1"]],"bids":[["54860","0.0278","0","1"],["54858","0.0278","0","1"],["54856","0.0524","0","2"],["54854","0.0278","0","1"],["54852","0.0278","0","1"]],"instId":"BTC-USDT","ts":"1722880328605","seqId":30132643822}]}
{"arg":{"channel":"books5","instId":"BTC-USDT"},"data":[{"asks":[["54849.3","0.18903263","0","1"],["54852","0.06724","0","2"],["54860.1","0.28354894","0","1"],["54860.2","0.06724","0","2"],["54860.3","4.027","0","2"]],"bids":[["54848","0.0278","0","1"],["54846","0.0278","0","1"],["54843.7","0.000015","0","1"],["54842.8","0.00016057","0","1"],["54842.6","0.0431","0","2"]],"instId":"BTC-USDT","ts":"1722880328705","seqId":30132644390}]}
{"arg":{"channel":"books5","instId":"BTC-USDT"},"data":[{"asks":[["54847.4","0.06724","0","2"],["54847.5","0.06724","0","2"],["54847.7","0.0127","0","1"],["54848.9","0.01490241","0","1"],["54856.6","0.000015","0","1"]],"bids":[["54846","0.0463","0","2"],["54844.9","0.024","0","1"],["54844","0.0278","0","1"],["54843.7","0.000015","0","1"],["54842.6","0.0246","0","1"]],"instId":"BTC-USDT","ts":"1722880328805","seqId":30132644876}]}
{"arg":{"channel":"books5","instId":"BTC-USDT"},"data":[{"asks":[["54846.1","0.07288067","0","1"],["54847.1","0.0119","0","1"],["54847.7","0.0127","0","1"],["54852.8","0.10932092","0","1"],["54852.9","0.18220152","0","1"]],"bids":[["54846","0.0278","0","1"],["54844","0.0278","0","1"],["54842.6","0.0246","0","1"],["54842.2","0.024","0","1"],["54842","0.0278","0","1"]],"instId":"BTC-USDT","ts":"1722880328905","seqId":30132645075}]}
{"arg":{"channel":"books5","instId":"BTC-USDT"},"data":[{"asks":[["54856.6","0.07698688","0","3"],["54860.1","0.10754409","0","1"],["54860.3","0.21817687","0","2"],["54860.8","0.036","0","1"],["54862.1","0.000015","0","1"]],"bids":[["54854","0.0278","0","1"],["54852","0.0278","0","1"],["54846.2","0.00016057","0","1"],["54846.1","0.15","0","1"],["54846","0.0278","0","1"]],"instId":"BTC-USDT","ts":"1722880329105","seqId":30132645526}]}
{"arg":{"channel":"books5","instId":"BTC-USDT"},"data":[{"asks":[["54854.1","0.06679476","0","2"],["54856.5","0.02160904","0","1"],["54856.6","0.036015","0","2"],["54860.1","0.10754409","0","1"],["54860.3","0.21817687","0","2"]],"bids":[["54854","0.06365944","0","2"],["54852","0.0278","0","1"],["54847","0.00016057","0","1"],["54846.9","0.024","0","1"],["54846.2","0.00016057","0","1"]],"instId":"BTC-USDT","ts":"1722880329205","seqId":30132645679}]}
{"arg":{"channel":"books5","instId":"BTC-USDT"},"data":[{"asks":[["54854.1","0.06679476","0","2"],["54856.5","0.02160904","0","1"],["54856.6","0.036015","0","2"],["54860.1","0.10754409","0","1"],["54860.3","0.21817687","0","2"]],"bids":[["54854","0.06365944","0","2"],["54852.7","0.00914594","0","1"],["54852","0.0278","0","1"],["54848.6","0.00016057","0","1"],["54848.5","0.15","0","1"]],"instId":"BTC-USDT","ts":"1722880329305","seqId":30132645733}]}
{"arg":{"channel":"books5","instId":"BTC-USDT"},"data":[{"asks":[["54854.1","0.03079476","0","1"],["54856.6","0.000015","0","1"],["54860.1","0.10754409","0","1"],["54860.3","0.18217687","0","1"],["54860.8","0.036","0","1"]],"bids":[["54854","0.07156536","0","3"],["54852","0.0278","0","1"],["54848.6","0.00016057","0","1"],["54848.5","0.15","0","1"],["54847","0.00016057","0","1"]],"instId":"BTC-USDT","ts":"1722880329405","seqId":30132645837}]}
{"arg":{"channel":"books5","instId":"BTC-USDT"},"data":[{"asks":[["54856.6","0.04024465","0","2"],["54860.1","0.10754409","0","1"],["54860.3","0.18217687","0","1"],["54860.8","0.036","0","1"],["54862.1","0.000015","0","1"]],"bids":[["54856.5","0.07516536","0","3"],["54856","0.0278","0","1"],["54854","0.0278","0","1"],["54852","0.0278","0","1"],["54849.2","0.00016057","0","1"]],"instId":"BTC-USDT","ts":"1722880329505","seqId":30132645927}]}
{"arg":{"channel":"books5","instId":"BTC-USDT"},"data":[{"asks":[["54856.6","0.036015","0","2"],["54860.1","0.10754409","0","1"],["54860.3","0.18217687","0","1"],["54860.8","0.036","0","1"],["54862.1","0.000015","0","1"]],"bids":[["54856","0.0463","0","2"],["54854","0.0278","0","1"],["54852","0.0278","0","1"],["54849.2","0.00016057","0","1"],["54849.1","0.03016471","0","1"]],"instId":"BTC-USDT","ts":"1722880329605","seqId":30132645971}]}
{"arg":{"channel":"books5","instId":"BTC-USDT"},"data":[{"asks":[["54856.1","0.01001543","0","1"],["54862.1","0.000015","0","1"],["54866.8","0.1093021","0","1"],["54866.9","0.18215502","0","1"],["54867.6","0.00001501","0","1"]],"bids":[["54856","0.0463","0","2"],["54854","0.0278","0","1"],["54853.1","0.009152","0","1"],["54852.2","0.02522211","0","1"],["54852.1","0.00016057","0","1"]],"instId":"BTC-USDT","ts":"1722880329705","seqId":30132646161}]}
{"arg":{"channel":"books5","instId":"BTC-USDT"},"data":[{"asks":[["54856.1","0.04601543","0","2"],["54862.1","0.000015","0","1"],["54866.8","0.1093021","0","1"],["54866.9","0.18215502","0","1"],["54867.6","0.00001501","0","1"]],"bids":[["54856","0.0278","0","1"],["54854","0.0278","0","1"],["54852.1","0.00016057","0","1"],["54852","0.0278","0","1"],["54851.8","0.024","0","1"]],"instId":"BTC-USDT","ts":"1722880329805","seqId":30132646288}]}
{"arg":{"channel":"books5","instId":"BTC-USDT"},"data":[{"asks":[["54856.1","0.04601543","0","2"],["54862.1","0.000015","0","1"],["54866.8","0.1093021","0","1"],["54866.9","0.18215502","0","1"],["54867.6","0.00001501","0","1"]],"bids":[["54856","0.0463","0","2"],["54854","0.0278","0","1"],["54852","0.0278","0","1"],["54851.8","0.024","0","1"],["54849.2","0.00016057","0","1"]],"instId":"BTC-USDT","ts":"1722880329905","seqId":30132646379}]}
{"arg":{"channel":"books5","instId":"BTC-USDT"},"data":[{"asks":[["54856.1","0.01001543","0","1"],["54862.1","0.000015","0","1"],["54866.8","0.1093021","0","1"],["54866.9","0.18215502","0","1"],["54867.6","0.00001501","0","1"]],"bids":[["54856","0.1963","0","3"],["54854","0.03155078","0","2"],["54853.1","0.04","0","1"],["54852.1","0.00016057","0","1"],["54852","0.0278","0","1"]],"instId":"BTC-USDT","ts":"1722880330005","seqId":30132646439}]}
{"arg":{"channel":"books5","instId":"BTC-USDT"},"data":[{"asks":[["54856.1","0.01001543","0","1"],["54862.1","0.000015","0","1"],["54866.8","0.1093021","0","1"],["54866.9","0.18215502","0","1"],["54867.6","0.00001501","0","1"]],"bids":[["54856","0.0463","0","2"],["54854","0.03155078","0","2"],["54853.1","0.04","0","1"],["54852.1","0.00016057","0","1"],["54852","0.0278","0","1"]],"instId":"BTC-USDT","ts":"1722880330105","seqId":30132646501}]}
{"arg":{"channel":"books5","instId":"BTC-USDT"},"data":[{"asks":[["54866.8","0.1493021","0","2"],["54867.6","0.00001501","0","1"],["54872","0.02160004","0","1"],["54872.1","0.036","0","1"],["54873.1","0.000015","0","1"]],"bids":[["54866.7","0.01708","0","3"],["54862","0.0638","0","2"],["54860","0.0278","0","1"],["54856.1","0.01474171","0","2"],["54856","0.2323","0","4"]],"instId":"BTC-USDT","ts":"1722880330205","seqId":30132646636}]}
{"arg":{"channel":"books5","instId":"BTC-USDT"},"data":[{"asks":[["54873.1","0.036015","0","2"],["54873.3","0.10928017","0","1"],["54873.4","0.18213358","0","1"],["54874.1","0.00529543","0","1"],["54875.4","0.036","0","1"]],"bids":[["54872","0.0278","0","1"],["54870.1","0.00917606","0","1"],["54870","0.0463","0","2"],["54867.6","0.00016057","0","1"],["54867.5","0.036","0","1"]],"instId":"BTC-USDT","ts":"1722880330305","seqId":30132647124}]}
{"arg":{"channel":"books5","instId":"BTC-USDT"},"data":[{"asks":[["54894.1","0.22889309","0","3"],["54899.8","0.26169766","0","1"],["54899.9","0.06724","0","2"],["54900","0.21804515","0","2"],["54900.4","0.15","0","1"]],"bids":[["54894","0.0278","0","1"],["54892","0.0278","0","1"],["54887.6","0.00016057","0","1"],["54886.1","0.00016057","0","1"],["54886","0.0278","0","1"]],"instId":"BTC-USDT","ts":"1722880330405","seqId":30132648205}]}
{"arg":{"channel":"books5","instId":"BTC-USDT"},"data":[{"asks":[["54894.1","0.19527309","0","2"],["54898.6","0.0025352","0","1"],["54899.8","0.1308271","0","1"],["54899.9","0.06724","0","2"],["54900","0.21804515","0","2"]],"bids":[["54894","0.0278","0","1"],["54892","0.0278","0","1"],["54888.7","0.02737211","0","1"],["54886.1","0.04016057","0","2"],["54886","0.0278","0","1"]],"instId":"BTC-USDT","ts":"1722880330505","seqId":30132648440}]}
{"arg":{"channel":"books5","instId":"BTC-USDT"},"data":[{"asks":[["54894.1","0.04188055","0","2"],["54898.6","0.0025352","0","1"],["54899.8","0.1308271","0","1"],["54899.9","0.03362","0","1"],["54900","0.21804515","0","2"]],"bids":[["54894","0.0524","0","2"],["54893","0.01189561","0","1"],["54892","0.0278","0","1"],["54889.8","0.01475606","0","1"],["54886.9","0.00017557","0","2"]],"instId":"BTC-USDT","ts":"1722880330605","seqId":30132648622}]}
{"arg":{"channel":"books5","instId":"BTC-USDT"},"data":[{"asks":[["54894.1","0.04188055","0","2"],["54898.6","0.0025352","0","1"],["54899.8","0.1308271","0","1"],["54899.9","0.03362","0","1"],["54900","0.21804515","0","2"]],"bids":[["54894","0.0518","0","2"],["54892","0.0278","0","1"],["54889.7","0.00956317","0","1"],["54886.9","0.00017557","0","2"],["54886.1","0.00016057","0","1"]],"instId":"BTC-USDT","ts":"1722880330705","seqId":30132648710}]}
{"arg":{"channel":"books5","instId":"BTC-USDT"},"data":[{"asks":[["54894.1","0.08217585","0","3"],["54898.6","0.0025352","0","1"],["54899.8","0.1308271","0","1"],["54899.9","0.03362","0","1"],["54900","0.21804515","0","2"]],"bids":[["54894","0.0518","0","2"],["54892","0.0278","0","1"],["54887.6","0.00016057","0","1"],["54887.5","0.04","0","1"],["54886.9","0.00017557","0","2"]],"instId":"BTC-USDT","ts":"1722880330805","seqId":30132648768}]}
{"arg":{"channel":"books5","instId":"BTC-USDT"},"data":[{"asks":[["54890.1","0.07390744","0","2"],["54892.1","0.04129271","0","2"],["54893.9","0.02382287","0","1"],["54894.1","0.076","0","2"],["54898.6","0.0025352","0","1"]],"bids":[["54890","0.0518","0","2"],["54888","0.0278","0","1"],["54886.9","0.000015","0","1"],["54886","0.0278","0","1"],["54884.5","0.15","0","1"]],"instId":"BTC-USDT","ts":"1722880331005","seqId":30132648931}]}
{"arg":{"channel":"books5","instId":"BTC-USDT"},"data":[{"asks":[["54892.1","0.02882095","0","2"],["54894.1","0.00418255","0","1"],["54898.6","0.0025352","0","1"],["54899.8","0.1308271","0","1"],["54899.9","0.03362","0","1"]],"bids":[["54892","0.0884","0","3"],["54890.1","0.024","0","1"],["54890","0.0997","0","4"],["54888","0.0278","0","1"],["54886.9","0.000015","0","1"]],"instId":"BTC-USDT","ts":"1722880331105","seqId":30132649039}]}
{"arg":{"channel":"books5","instId":"BTC-USDT"},"data":[{"asks":[["54892.1","0.02529884","0","2"],["54894.1","0.0191536","0","4"],["54898.6","0.0025352","0","1"],["54899.8","0.1308271","0","1"],["54899.9","0.03362","0","1"]],"bids":[["54892","0.0884","0","3"],["54890.1","0.024","0","1"],["54890","0.0997","0","4"],["54888","0.0278","0","1"],["54886.9","0.000015","0","1"]],"instId":"BTC-USDT","ts":"1722880331205","seqId":30132649087}]}
{"arg":{"channel":"books5","instId":"BTC-USDT"},"data":[{"asks":[["54892.1","0.02352824","0","1"],["54894.1","0.02333627","0","5"],["54898.6","0.0025352","0","1"],["54899.8","0.1308271","0","1"],["54899.9","0.03362","0","1"]],"bids":[["54892","0.0884","0","3"],["54890.1","0.024","0","1"],["54890","0.0997","0","4"],["54888","0.0278","0","1"],["54886.9","0.000015","0","1"]],"instId":"BTC-USDT","ts":"1722880331305","seqId":30132649158}]}
{"arg":{"channel":"books5","instId":"BTC-USDT"},"data":[{"asks":[["54892.1","0.07853548","0","4"],["54894","0.03800178","0","1"],["54894.1","0.06333627","0","6"],["54898.6","0.0025352","0","1"],["54899.8","0.1308271","0","1"]],"bids":[["54892","0.0278","0","1"],["54890.1","0.024","0","1"],["54890","0.0878","0","3"],["54888","0.0278","0","1"],["54886.9","0.000015","0","1"]],"instId":"BTC-USDT","ts":"1722880331505","seqId":30132649230}]}
{"arg":{"channel":"books5","instId":"BTC-USDT"},"data":[{"asks":[["54885.7","0.0127","0","1"],["54887","0.06724","0","2"],["54888","0.06724","0","2"],["54888.1","0.036","0","1"],["54889.8","0.15","0","1"]],"bids":[["54884","0.0278","0","1"],["54882","0.0278","0","1"],["54881.5","0.000015","0","1"],["54879.2","0.00528904","0","1"],["54878.9","0.00016057","0","1"]],"instId":"BTC-USDT","ts":"1722880331605","seqId":30132649427}]}
{"arg":{"channel":"books5","instId":"BTC-USDT"},"data":[{"asks":[["54889.7","0.0487","0","2"],["54891.9","0.1205105","0","1"],["54892","0.18207168","0","1"],["54892.1","0.04230724","0","2"],["54894.1","0.06333627","0","6"]],"bids":[["54889.6","0.0246","0","1"],["54888","0.0278","0","1"],["54886.1","0.00016057","0","1"],["54886","0.0278","0","1"],["54884.1","0.00016057","0","1"]],"instId":"BTC-USDT","ts":"1722880331705","seqId":30132649705}]}
{"arg":{"channel":"books5","instId":"BTC-USDT"},"data":[{"asks":[["54889.7","0.0487","0","2"],["54891.9","0.1205105","0","1"],["54892","0.18207168","0","1"],["54892.1","0.04230724","0","2"],["54894.1","0.06333627","0","6"]],"bids":[["54889.6","0.0431","0","2"],["54888","0.0278","0","1"],["54886","0.0278","0","1"],["54884.1","0.00016057","0","1"],["54884","0.2442","0","5"]],"instId":"BTC-USDT","ts":"1722880331805","seqId":30132649788}]}
{"arg":{"channel":"books5","instId":"BTC-USDT"},"data":[{"asks":[["54886.1","0.10882874","0","2"],["54888.1","0.036","0","1"],["54889.6","0.0216","0","1"],["54889.7","0.036","0","1"],["54891.9","0.1205105","0","1"]],"bids":[["54886","0.07130592","0","4"],["54884","0.0278","0","1"],["54882","0.0278","0","1"],["54881.5","0.000015","0","1"],["54881.4","0.024","0","1"]],"instId":"BTC-USDT","ts":"1722880331905","seqId":30132649894}]}
{"arg":{"channel":"books5","instId":"BTC-USDT"},"data":[{"asks":[["54888","0.0127","0","1"],["54890.2","0.00164602","0","1"],["54891.9","0.1205105","0","1"],["54892","0.18207168","0","1"],["54892.1","0.04230724","0","2"]],"bids":[["54887.9","0.0431","0","2"],["54886","0.0463","0","2"],["54884","0.0278","0","1"],["54882.1","0.00016057","0","1"],["54882","0.0278","0","1"]],"instId":"BTC-USDT","ts":"1722880332005","seqId":30132649989}]}
{"arg":{"channel":"books5","instId":"BTC-USDT"},"data":[{"asks":[["54890.1","1.57439205","0","4"],["54890.2","0.05410834","0","3"],["54892","0.18207168","0","1"],["54892.1","0.04230724","0","2"],["54894","0.03800184","0","1"]],"bids":[["54890","0.0278","0","1"],["54888","0.0278","0","1"],["54887.9","0.0246","0","1"],["54886","0.0278","0","1"],["54884","0.0278","0","1"]],"instId":"BTC-USDT","ts":"1722880332105","seqId":30132650151}]}
{"arg":{"channel":"books5","instId":"BTC-USDT"},"data":[{"asks":[["54904.1","0.05403379","0","3"],["54904.2","0.02","0","1"],["54908.3","0.02","0","1"],["54909.4","0.01493369","0","1"],["54910.9","0.00345625","0","2"]],"bids":[["54904","0.0278","0","1"],["54902.1","0.10484059","0","1"],["54902","0.0278","0","1"],["54900.9","0.0185","0","1"],["54898.3","0.0185","0","1"]],"instId":"BTC-USDT","ts":"1722880332305","seqId":30132650743}]}
{"arg":{"channel":"books5","instId":"BTC-USDT"},"data":[{"asks":[["54904.1","0.00529752","0","1"],["54909.4","0.01493369","0","1"],["54910.9","0.00345625","0","2"],["54911.6","0.00345625","0","2"],["54912","0.01493298","0","1"]],"bids":[["54904","0.0764","0","3"],["54902","0.0278","0","1"],["54900.4","0.024","0","1"],["54900","0.0278","0","1"],["54898.4","0.00016057","0","1"]],"instId":"BTC-USDT","ts":"1722880332405","seqId":30132651104}]}
{"arg":{"channel":"books5","instId":"BTC-USDT"},"data":[{"asks":[["54904.1","0.10378576","0","5"],["54909.4","0.01493369","0","1"],["54910.9","0.00345625","0","2"],["54911.6","0.00347125","0","3"],["54912","0.01493298","0","1"]],"bids":[["54900","0.0278","0","1"],["54898.4","0.00016057","0","1"],["54895.5","0.00016057","0","1"],["54895.4","0.15","0","1"],["54892.7","0.00416558","0","2"]],"instId":"BTC-USDT","ts":"1722880332505","seqId":30132651276}]}
{"arg":{"channel":"books5","instId":"BTC-USDT"},"data":[{"asks":[["54900.1","0.15430066","0","4"],["54904.1","0.04133379","0","2"],["54906.1","0.00001501","0","1"],["54909.4","0.01493369","0","1"],["54910.9","0.00345625","0","2"]],"bids":[["54900","0.0518","0","2"],["54898","0.0278","0","1"],["54896","0.0278","0","1"],["54893.2","0.00016057","0","1"],["54893.1","0.03715116","0","1"]],"instId":"BTC-USDT","ts":"1722880332605","seqId":30132651537}]}
{"arg":{"channel":"books5","instId":"BTC-USDT"},"data":[{"asks":[["54900.1","0.09025066","0","3"],["54904.1","0.04133379","0","2"],["54906.1","0.00001501","0","1"],["54909.4","0.01493369","0","1"],["54910.9","0.00345625","0","2"]],"bids":[["54900","0.0278","0","1"],["54898","0.0278","0","1"],["54896","0.0278","0","1"],["54895.2","0.024","0","1"],["54893.2","0.00016057","0","1"]],"instId":"BTC-USDT","ts":"1722880332705","seqId":30132651602}]}
{"arg":{"channel":"books5","instId":"BTC-USDT"},"data":[{"asks":[["54896.1","0.89521454","0","9"],["54900","0.11162183","0","1"],["54900.1","0.18603627","0","2"],["54904.1","0.04133379","0","2"],["54906.1","0.00001501","0","1"]],"bids":[["54894","0.0278","0","1"],["54892","0.0278","0","1"],["54890","0.0524","0","2"],["54886.9","0.00017557","0","2"],["54886.1","0.00016057","0","1"]],"instId":"BTC-USDT","ts":"1722880332805","seqId":30132651931}]}
{"arg":{"channel":"books5","instId":"BTC-USDT"},"data":[{"asks":[["54892.1","0.04873627","0","2"],["54894.1","0.03603627","0","1"],["54896","0.15966751","0","1"],["54896.1","0.31849419","0","7"],["54900.1","0.18603627","0","2"]],"bids":[["54892","0.06395944","0","2"],["54890","0.0524","0","2"],["54889.5","0.024","0","1"],["54886.9","0.00017557","0","2"],["54886.1","0.00016057","0","1"]],"instId":"BTC-USDT","ts":"1722880332905","seqId":30132652117}]}
{"arg":{"channel":"books5","instId":"BTC-USDT"},"data":[{"asks":[["54890.1","0.04873627","0","2"],["54891.9","0.02162183","0","1"],["54892.1","0.03603627","0","1"],["54894.1","0.03603627","0","1"],["54896","0.15966751","0","1"]],"bids":[["54890","0.06395944","0","2"],["54888","0.0278","0","1"],["54886.9","0.000015","0","1"],["54886.1","0.024","0","1"],["54886","0.0278","0","1"]],"instId":"BTC-USDT","ts":"1722880333005","seqId":30132652250}]}
{"arg":{"channel":"books5","instId":"BTC-USDT"},"data":[{"asks":[["54890.1","0.04873627","0","2"],["54891.9","0.02162183","0","1"],["54892.1","0.03603627","0","1"],["54894.1","0.03603627","0","1"],["54896","0.15966751","0","1"]],"bids":[["54890","0.0278","0","1"],["54888","0.0278","0","1"],["54886.9","0.000015","0","1"],["54886.1","0.024","0","1"],["54886","0.0278","0","1"]],"instId":"BTC-USDT","ts":"1722880333105","seqId":30132652398}]}
{"arg":{"channel":"books5","instId":"BTC-USDT"},"data":[{"asks":[["54896","0.15966751","0","1"],["54896.1","0.108","0","2"],["54899.6","0.18204672","0","1"],["54900.1","0.03603627","0","1"],["54900.6","0.00001501","0","1"]],"bids":[["54895.9","0.015","0","5"],["54892","0.01503","0","1"],["54891.9","0.0431","0","2"],["54890.1","0.1023634","0","3"],["54890","0.26732909","0","6"]],"instId":"BTC-USDT","ts":"1722880333205","seqId":30132652576}]}
{"arg":{"channel":"books5","instId":"BTC-USDT"},"data":[{"asks":[["54902.1","0.15673627","0","4"],["54903.9","0.14126032","0","2"],["54904","0.228","0","1"],["54904.1","0.04506878","0","3"],["54906.1","0.10547779","0","3"]],"bids":[["54902","0.0278","0","1"],["54900","0.0524","0","2"],["54899.6","0.02097326","0","1"],["54898.1","0.00016057","0","1"],["54898","0.0278","0","1"]],"instId":"BTC-USDT","ts":"1722880333305","seqId":30132652937}]}
{"arg":{"channel":"books5","instId":"BTC-USDT"},"data":[{"asks":[["54902.1","0.07102051","0","3"],["54904.1","0.04506878","0","3"],["54906.1","0.00001501","0","1"],["54906.3","0.01","0","1"],["54910.9","0.00345625","0","2"]],"bids":[["54902","0.08166536","0","3"],["54900","0.0524","0","2"],["54898","0.0278","0","1"],["54896.5","0.15","0","1"],["54896","0.0709","0","3"]],"instId":"BTC-USDT","ts":"1722880333405","seqId":30132653162}]}
{"arg":{"channel":"books5","instId":"BTC-USDT"},"data":[{"asks":[["54902.1","0.07102051","0","3"],["54904.1","0.04506878","0","3"],["54906.1","0.00001501","0","1"],["54906.3","0.01","0","1"],["54910.9","0.00345625","0","2"]],"bids":[["54902","0.05605944","0","2"],["54900","0.0524","0","2"],["54898","0.0278","0","1"],["54896.5","0.15","0","1"],["54896","0.0709","0","3"]],"instId":"BTC-USDT","ts":"1722880333505","seqId":30132653224}]}
{"arg":{"channel":"books5","instId":"BTC-USDT"},"data":[{"asks":[["54900.1","0.10234852","0","3"],["54902.1","0.09904627","0","2"],["54904","0.02704136","0","1"],["54904.1","0.04506878","0","3"],["54906.1","0.00001501","0","1"]],"bids":[["54900","0.0278","0","1"],["54898","0.0278","0","1"],["54896","0.0709","0","3"],["54895.9","0.0246","0","1"],["54894","0.10686373","0","4"]],"instId":"BTC-USDT","ts":"1722880333605","seqId":30132653312}]}
{"arg":{"channel":"books5","instId":"BTC-USDT"},"data":[{"asks":[["54919.6","0.00176773","0","1"],["54920","0.0278","0","1"],["54921","0.00001421","0","1"],["54921.4","0.03568347","0","1"],["54922","0.0278","0","1"]],"bids":[["54919.5","0.0185","0","1"],["54918","0.0278","0","1"],["54917.7","0.15","0","1"],["54916.1","0.25941822","0","10"],["54916","0.14166965","0","5"]],"instId":"BTC-USDT","ts":"1722880333705","seqId":30132653868}]}
{"arg":{"channel":"books5","instId":"BTC-USDT"},"data":[{"asks":[["54919.6","0.01446773","0","2"],["54920","0.0278","0","1"],["54921","0.00001421","0","1"],["54922","0.0278","0","1"],["54922.1","0.00528838","0","1"]],"bids":[["54919.5","0.06345139","0","3"],["54918","0.0278","0","1"],["54916.8","0.0246","0","1"],["54916.1","0.06703","0","1"],["54916","0.0524","0","2"]],"instId":"BTC-USDT","ts":"1722880333805","seqId":30132654268}]}
{"arg":{"channel":"books5","instId":"BTC-USDT"},"data":[{"asks":[["54919.6","0.10101674","0","5"],["54920","0.0278","0","1"],["54921","0.00001421","0","1"],["54922","0.0278","0","1"],["54922.1","0.00528838","0","1"]],"bids":[["54919.5","0.003","0","1"],["54918","0.0278","0","1"],["54916.8","0.0246","0","1"],["54916.4","0.024","0","1"],["54916","0.0524","0","2"]],"instId":"BTC-USDT","ts":"1722880333905","seqId":30132654413}]}
{"arg":{"channel":"books5","instId":"BTC-USDT"},"data":[{"asks":[["54919.6","0.10101674","0","5"],["54920","0.0278","0","1"],["54921","0.00001421","0","1"],["54922","0.0278","0","1"],["54922.1","0.00528838","0","1"]],"bids":[["54919.5","0.03435139","0","1"],["54918","0.0278","0","1"],["54916.8","0.0246","0","1"],["54916.4","0.024","0","1"],["54916","0.0524","0","2"]],"instId":"BTC-USDT","ts":"1722880334005","seqId":30132654517}]}
{"arg":{"channel":"books5","instId":"BTC-USDT"},"data":[{"asks":[["54919.6","0.00176773","0","1"],["54921","0.00001421","0","1"],["54922","0.0278","0","1"],["54922.1","0.00528838","0","1"],["54924","0.0278","0","1"]],"bids":[["54919.5","0.10487243","0","4"],["54918.5","0.02342724","0","1"],["54918","0.0278","0","1"],["54916.8","0.0246","0","1"],["54916","0.0524","0","2"]],"instId":"BTC-USDT","ts":"1722880334105","seqId":30132654660}]}
{"arg":{"channel":"books5","instId":"BTC-USDT"},"data":[{"asks":[["54922","0.03624031","0","2"],["54922.1","0.00528838","0","1"],["54924","0.0278","0","1"],["54925","0.00125777","0","1"],["54928.1","0.000015","0","1"]],"bids":[["54921.9","0.09888731","0","4"],["54920","0.0278","0","1"],["54919.5","0.18596373","0","2"],["54918.5","0.02342724","0","1"],["54918","0.0278","0","1"]],"instId":"BTC-USDT","ts":"1722880334205","seqId":30132654872}]}
{"arg":{"channel":"books5","instId":"BTC-USDT"},"data":[{"asks":[["54922","0.07227658","0","3"],["54922.1","0.00528838","0","1"],["54924","0.0278","0","1"],["54925","0.00125777","0","1"],["54928.1","0.000015","0","1"]],"bids":[["54921.9","0.09888731","0","4"],["54920","0.0278","0","1"],["54919.5","0.18596373","0","2"],["54918.5","0.02342724","0","1"],["54918","0.0278","0","1"]],"instId":"BTC-USDT","ts":"1722880334305","seqId":30132654972}]}
{"arg":{"channel":"books5","instId":"BTC-USDT"},"data":[{"asks":[["54918.1","0.11597627","0","4"],["54919.5","0.05702402","0","1"],["54920","0.0278","0","1"],["54921.3","0.08738179","0","1"],["54921.5","0.07603627","0","2"]],"bids":[["54918","0.0278","0","1"],["54917.8","0.024","0","1"],["54916","0.0278","0","1"],["54914","0.0278","0","1"],["54913.6","0.0246","0","1"]],"instId":"BTC-USDT","ts":"1722880334405","seqId":30132655197}]}
{"arg":{"channel":"books5","instId":"BTC-USDT"},"data":[{"asks":[["54916.1","0.03514049","0","1"],["54917.7","0.02162177","0","1"],["54918","0.0278","0","1"],["54919.6","0.00761254","0","2"],["54920","0.0278","0","1"]],"bids":[["54916","0.2471087","0","5"],["54914","0.0278","0","1"],["54910.3","0.00016057","0","1"],["54908.3","0.00016057","0","1"],["54907.1","0.00016057","0","1"]],"instId":"BTC-USDT","ts":"1722880334505","seqId":30132655565}]}
{"arg":{"channel":"books5","instId":"BTC-USDT"},"data":[{"asks":[["54912.1","0.0127","0","1"],["54914","0.0278","0","1"],["54915.9","0.03830182","0","1"],["54916","0.06383627","0","2"],["54918","0.06383627","0","2"]],"bids":[["54912","0.0278","0","1"],["54910","0.0278","0","1"],["54908.5","0.00001501","0","1"],["54907.1","0.00016057","0","1"],["54907","0.15","0","1"]],"instId":"BTC-USDT","ts":"1722880334605","seqId":30132655811}]}
{"arg":{"channel":"books5","instId":"BTC-USDT"},"data":[{"asks":[["54912.1","0.11597627","0","4"],["54914","0.0278","0","1"],["54915.9","0.03830182","0","1"],["54916","0.06383627","0","2"],["54917.1","0.03492681","0","1"]],"bids":[["54912","0.06795731","0","3"],["54910","0.0278","0","1"],["54908.5","0.00001501","0","1"],["54907.1","0.00016057","0","1"],["54907","0.15","0","1"]],"instId":"BTC-USDT","ts":"1722880334705","seqId":30132655976}]}
{"arg":{"channel":"books5","instId":"BTC-USDT"},"data":[{"asks":[["54912.1","0.11597627","0","4"],["54914","0.0278","0","1"],["54915.9","0.03830184","0","1"],["54916","0.06383627","0","2"],["54918","0.06383627","0","2"]],"bids":[["54912","0.06795731","0","3"],["54910","0.0278","0","1"],["54908.5","0.00001501","0","1"],["54907.1","0.00016057","0","1"],["54907","0.15","0","1"]],"instId":"BTC-USDT","ts":"1722880334805","seqId":30132656033}]}
{"arg":{"channel":"books5","instId":"BTC-USDT"},"data":[{"asks":[["54916","0.0278","0","1"],["54918","0.0278","0","1"],["54919.6","0.01171749","0","3"],["54920","0.0278","0","1"],["54921.5","0.03603627","0","1"]],"bids":[["54915.9","0.0276","0","2"],["54914","0.0278","0","1"],["54913.9","0.07906373","0","3"],["54912.8","0.15","0","1"],["54912","0.06376373","0","2"]],"instId":"BTC-USDT","ts":"1722880334905","seqId":30132656155}]}
{"arg":{"channel":"books5","instId":"BTC-USDT"},"data":[{"asks":[["54914.1","0.04310008","0","2"],["54915.9","0.08100009","0","2"],["54916","0.09933627","0","3"],["54918","0.0278","0","1"],["54919.6","0.01171749","0","3"]],"bids":[["54912","0.0278","0","1"],["54910","0.0278","0","1"],["54908.5","0.00001501","0","1"],["54907.1","0.00016057","0","1"],["54907","0.15","0","1"]],"instId":"BTC-USDT","ts":"1722880335005","seqId":30132656232}]}
{"arg":{"channel":"books5","instId":"BTC-USDT"},"data":[{"asks":[["54908.1","0.08535627","0","4"],["54908.6","0.03603627","0","1"],["54909.9","0.02162181","0","1"],["54910","0.0264","0","1"],["54910.1","0.03603627","0","1"]],"bids":[["54908","0.06315139","0","2"],["54906","0.0278","0","1"],["54904","0.0278","0","1"],["54903.1","0.000015","0","1"],["54902","0.0278","0","1"]],"instId":"BTC-USDT","ts":"1722880335105","seqId":30132656562}]}
{"arg":{"channel":"books5","instId":"BTC-USDT"},"data":[{"asks":[["54908.1","0.04632","0","2"],["54910","0.0264","0","1"],["54910.1","0.03603627","0","1"],["54911.9","0.02913895","0","1"],["54912","0.0278","0","1"]],"bids":[["54908","0.06865731","0","3"],["54906","0.0278","0","1"],["54904","0.0278","0","1"],["54903.1","0.000015","0","1"],["54902.1","0.00016057","0","1"]],"instId":"BTC-USDT","ts":"1722880335205","seqId":30132656657}]}
{"arg":{"channel":"books5","instId":"BTC-USDT"},"data":[{"asks":[["54911.9","0.02913901","0","1"],["54912","0.0278","0","1"],["54912.1","0.02076488","0","2"],["54913.9","0.02162176","0","1"],["54914","0.0278","0","1"]],"bids":[["54911.8","0.00897","0","3"],["54909.9","0.11644731","0","5"],["54908","0.23718","0","3"],["54906","0.0278","0","1"],["54904.1","0.00016057","0","1"]],"instId":"BTC-USDT","ts":"1722880335305","seqId":30132656776}]}
{"arg":{"channel":"books5","instId":"BTC-USDT"},"data":[{"asks":[["54912","0.0278","0","1"],["54912.1","0.02076488","0","2"],["54914","0.0278","0","1"],["54914.1","0.03603627","0","1"],["54915.9","0.04560009","0","1"]],"bids":[["54911.9","0.07324731","0","3"],["54910","0.0264","0","1"],["54909.9","0.0431","0","2"],["54908","0.23718","0","3"],["54906","0.0278","0","1"]],"instId":"BTC-USDT","ts":"1722880335405","seqId":30132657017}]}
{"arg":{"channel":"books5","instId":"BTC-USDT"},"data":[{"asks":[["54922.1","0.15289703","0","6"],["54924","0.06243627","0","2"],["54925","0.00125777","0","1"],["54926","0.0264","0","1"],["54928","0.0264","0","1"]],"bids":[["54922","0.0264","0","1"],["54920","0.0264","0","1"],["54918.1","0.00295039","0","1"],["54918","0.0264","0","1"],["54916.5","0.15","0","1"]],"instId":"BTC-USDT","ts":"1722880335505","seqId":30132657621}]}
{"arg":{"channel":"books5","instId":"BTC-USDT"},"data":[{"asks":[["54922.1","0.00182076","0","1"],["54925","0.00125777","0","1"],["54926","0.0264","0","1"],["54928","0.0264","0","1"],["54928.5","0.00577126","0","2"]],"bids":[["54922","0.21792219","0","4"],["54920.4","0.024","0","1"],["54920","0.0264","0","1"],["54918.1","0.00295039","0","1"],["54918","0.0264","0","1"]],"instId":"BTC-USDT","ts":"1722880335605","seqId":30132657809}]}
{"arg":{"channel":"books5","instId":"BTC-USDT"},"data":[{"asks":[["54925","0.01395777","0","2"],["54928","0.0264","0","1"],["54928.5","0.00577126","0","2"],["54928.7","0.01492844","0","1"],["54930","0.0264","0","1"]],"bids":[["54924.9","0.12968592","0","5"],["54924","0.0264","0","1"],["54922","0.36236373","0","4"],["54920.4","0.0786271","0","2"],["54920","0.0264","0","1"]],"instId":"BTC-USDT","ts":"1722880335705","seqId":30132657975}]}
{"arg":{"channel":"books5","instId":"BTC-USDT"},"data":[{"asks":[["54928.5","0.00577126","0","2"],["54930","0.0264","0","1"],["54930.7","0.00001468","0","1"],["54932","0.0264","0","1"],["54933.3","0.00010353","0","1"]],"bids":[["54928.4","0.23941219","0","5"],["54928","0.0264","0","1"],["54927.9","0.0431","0","2"],["54926","0.0264","0","1"],["54924.9","0.07906373","0","3"]],"instId":"BTC-USDT","ts":"1722880335805","seqId":30132658342}]}
{"arg":{"channel":"books5","instId":"BTC-USDT"},"data":[{"asks":[["54928.5","0.01847126","0","3"],["54930","0.0264","0","1"],["54930.7","0.00001468","0","1"],["54932","0.0264","0","1"],["54933.3","0.00010353","0","1"]],"bids":[["54928.4","0.07091219","0","3"],["54928","0.0264","0","1"],["54927.9","0.0246","0","1"],["54926","0.0264","0","1"],["54924.9","0.07906373","0","3"]],"instId":"BTC-USDT","ts":"1722880335905","seqId":30132658443}]}
{"arg":{"channel":"books5","instId":"BTC-USDT"},"data":[{"asks":[["54928.5","0.00577126","0","2"],["54930","0.0264","0","1"],["54930.7","0.00001468","0","1"],["54932","0.0264","0","1"],["54933.3","0.00010353","0","1"]],"bids":[["54928.4","0.22091219","0","4"],["54928","0.0264","0","1"],["54927.9","0.0246","0","1"],["54926","0.0264","0","1"],["54925.7","0.0546271","0","1"]],"instId":"BTC-USDT","ts":"1722880336005","seqId":30132658490}]}
{"arg":{"channel":"books5","instId":"BTC-USDT"},"data":[{"asks":[["54928.5","0.00577126","0","2"],["54928.7","0.00015155","0","1"],["54930.7","0.00001468","0","1"],["54932","0.0264","0","1"],["54933.3","0.00010353","0","1"]],"bids":[["54928.4","0.37025513","0","5"],["54928","0.0264","0","1"],["54927.9","0.0246","0","1"],["54926","0.0264","0","1"],["54924.9","0.07906373","0","3"]],"instId":"BTC-USDT","ts":"1722880336105","seqId":30132658596}]}
{"arg":{"channel":"books5","instId":"BTC-USDT"},"data":[{"asks":[["54928.5","0.00577126","0","2"],["54928.7","0.00015155","0","1"],["54930","0.0264","0","1"],["54930.7","0.00001468","0","1"],["54932","0.0264","0","1"]],"bids":[["54928.4","0.22025513","0","4"],["54928","0.0264","0","1"],["54927.9","0.0246","0","1"],["54926","0.0264","0","1"],["54924.9","0.07906373","0","3"]],"instId":"BTC-USDT","ts":"1722880336205","seqId":30132658661}]}
{"arg":{"channel":"books5","instId":"BTC-USDT"},"data":[{"asks":[["54928.5","0.00577126","0","2"],["54928.7","0.00015155","0","1"],["54930.7","0.00001468","0","1"],["54932","0.0264","0","1"],["54933.3","0.00010353","0","1"]],"bids":[["54928.4","0.22025513","0","4"],["54928","0.0264","0","1"],["54927.9","0.0246","0","1"],["54926","0.0264","0","1"],["54924.9","0.07906373","0","3"]],"instId":"BTC-USDT","ts":"1722880336305","seqId":30132658721}]}
{"arg":{"channel":"books5","instId":"BTC-USDT"},"data":[{"asks":[["54936","0.0182699","0","1"],["54936.5","0.00002387","0","1"],["54937.6","0.01307742","0","3"],["54937.9","0.0215195","0","1"],["54938","0.03586575","0","2"]],"bids":[["54935.9","0.27614024","0","5"],["54934","0.0264","0","1"],["54932","0.0264","0","1"],["54930.7","0.06919862","0","1"],["54930.6","0.27036596","0","4"]],"instId":"BTC-USDT","ts":"1722880336405","seqId":30132658994}]}
{"arg":{"channel":"books5","instId":"BTC-USDT"},"data":[{"asks":[["54936.5","0.00002387","0","1"],["54937.6","0.01307742","0","3"],["54938","0.00946575","0","1"],["54939.9","0.01916017","0","1"],["54940","0.02664777","0","2"]],"bids":[["54936.4","0.26067428","0","6"],["54936","0.0264","0","1"],["54935.9","0.21050596","0","3"],["54935.5","0.0546271","0","1"],["54934.5","0.0546271","0","1"]],"instId":"BTC-USDT","ts":"1722880336505","seqId":30132659244}]}
{"arg":{"channel":"books5","instId":"BTC-USDT"},"data":[{"asks":[["54940","0.00024777","0","1"],["54940.1","0.00528577","0","1"],["54941.1","0.01607403","0","1"],["54942","0.0264","0","1"],["54944","0.0264","0","1"]],"bids":[["54939.9","0.00234","0","1"],["54938","0.02645226","0","2"],["54937.9","0.03963","0","2"],["54937.7","0.04794627","0","2"],["54937.6","0.11845825","0","5"]],"instId":"BTC-USDT","ts":"1722880336605","seqId":30132659528}]}
{"arg":{"channel":"books5","instId":"BTC-USDT"},"data":[{"asks":[["54940","0.00024777","0","1"],["54940.1","0.00528577","0","1"],["54941.1","0.01607403","0","1"],["54944","0.0264","0","1"],["54945","0.00002167","0","1"]],"bids":[["54939.9","0.37268254","0","8"],["54938.8","0.024","0","1"],["54938","0.0264","0","1"],["54937.9","0.0246","0","1"],["54937.6","0.0185","0","1"]],"instId":"BTC-USDT","ts":"1722880336705","seqId":30132659735}]}
{"arg":{"channel":"books5","instId":"BTC-USDT"},"data":[{"asks":[["54938.9","0.04287678","0","2"],["54939.9","0.07796516","0","2"],["54940","0.07544181","0","4"],["54940.1","0.00528577","0","1"],["54941.1","0.01607403","0","1"]],"bids":[["54938","0.0264","0","1"],["54936.4","0.0246","0","1"],["54936","0.0264","0","1"],["54935.9","0.0246","0","1"],["54934","0.0264","0","1"]],"instId":"BTC-USDT","ts":"1722880336805","seqId":30132659870}]}
{"arg":{"channel":"books5","instId":"BTC-USDT"},"data":[{"asks":[["54936.1","0.06299076","0","3"],["54938","0.0264","0","1"],["54938.9","0.03609404","0","1"],["54939.9","0.03764514","0","1"],["54940","0.06274181","0","3"]],"bids":[["54936","0.05901627","0","2"],["54934","0.0264","0","1"],["54932","0.0264","0","1"],["54931","0.024","0","1"],["54930.6","0.06050596","0","2"]],"instId":"BTC-USDT","ts":"1722880336905","seqId":30132660125}]}
{"arg":{"channel":"books5","instId":"BTC-USDT"},"data":[{"asks":[["54939.9","0.01947717","0","1"],["54940","0.02664777","0","2"],["54940.1","0.00528577","0","1"],["54940.9","0.0005283","0","1"],["54941.1","0.01607403","0","1"]],"bids":[["54939.8","0.00468","0","2"],["54937.9","0.06204132","0","3"],["54937.8","0.0431","0","2"],["54936","0.21230596","0","3"],["54934","0.0264","0","1"]],"instId":"BTC-USDT","ts":"1722880337005","seqId":30132660238}]}
{"arg":{"channel":"books5","instId":"BTC-USDT"},"data":[{"asks":[["54940","0.01394526","0","3"],["54940.1","0.00528577","0","1"],["54941.1","0.01607403","0","1"],["54942","0.0264","0","1"],["54944","0.0264","0","1"]],"bids":[["54939.9","0.12644728","0","5"],["54939.8","0.0431","0","2"],["54938","0.0264","0","1"],["54937.8","0.0431","0","2"],["54936","0.21230596","0","3"]],"instId":"BTC-USDT","ts":"1722880337105","seqId":30132660451}]}
{"arg":{"channel":"books5","instId":"BTC-USDT"},"data":[{"asks":[["54940","0.09367956","0","8"],["54940.1","0.00528577","0","1"],["54941.1","0.01607403","0","1"],["54942","0.0264","0","1"],["54943.9","0.02166748","0","1"]],"bids":[["54939.9","0.06594132","0","3"],["54939.8","0.0246","0","1"],["54938","0.0264","0","1"],["54937.8","0.0431","0","2"],["54936","0.21230596","0","3"]],"instId":"BTC-USDT","ts":"1722880337205","seqId":30132660533}]}
{"arg":{"channel":"books5","instId":"BTC-USDT"},"data":[{"asks":[["54940","0.10029167","0","9"],["54940.1","0.00528577","0","1"],["54941.1","0.01607403","0","1"],["54942","0.0264","0","1"],["54943.9","0.02166748","0","1"]],"bids":[["54939.9","0.06594132","0","3"],["54939.8","0.0246","0","1"],["54938","0.0264","0","1"],["54937.8","0.0431","0","2"],["54936","0.21230596","0","3"]],"instId":"BTC-USDT","ts":"1722880337305","seqId":30132660580}]}
{"arg":{"channel":"books5","instId":"BTC-USDT"},"data":[{"asks":[["54940","0.03390113","0","6"],["54940.1","0.00528577","0","1"],["54941.1","0.01607403","0","1"],["54944","0.0360907","0","3"],["54945","0.00002167","0","1"]],"bids":[["54939.9","0.28177605","0","6"],["54939.8","0.0246","0","1"],["54938","0.0664","0","2"],["54937.8","0.0431","0","2"],["54936","0.21230596","0","3"]],"instId":"BTC-USDT","ts":"1722880337405","seqId":30132660835}]}
{"arg":{"channel":"books5","instId":"BTC-USDT"},"data":[{"asks":[["54941.1","0.00016093","0","1"],["54944","0.0096907","0","2"],["54945","0.00002167","0","1"],["54946","0.0264","0","1"],["54950","0.00603188","0","2"]],"bids":[["54941","0.32690605","0","7"],["54940","0.2195","0","4"],["54939.9","0.06050596","0","2"],["54939.8","0.0246","0","1"],["54938","0.0664","0","2"]],"instId":"BTC-USDT","ts":"1722880337505","seqId":30132661049}]}
{"arg":{"channel":"books5","instId":"BTC-USDT"},"data":[{"asks":[["54941.1","0.00016093","0","1"],["54944","0.0360907","0","3"],["54945","0.00002167","0","1"],["54946","0.0264","0","1"],["54950","0.00603188","0","2"]],"bids":[["54941","0.17690605","0","6"],["54940","0.2195","0","4"],["54939.9","0.06050596","0","2"],["54939.8","0.0486","0","2"],["54938","0.0664","0","2"]],"instId":"BTC-USDT","ts":"1722880337605","seqId":30132661093}]}
{"arg":{"channel":"books5","instId":"BTC-USDT"},"data":[{"asks":[["54944.1","0.04829404","0","2"],["54945.9","0.03749642","0","1"],["54946","0.0264","0","1"],["54946.1","0.03609404","0","1"],["54948","0.0264","0","1"]],"bids":[["54944","0.0264","0","1"],["54943.9","0.0246","0","1"],["54942","0.0264","0","1"],["54941","0.06050596","0","2"],["54940","0.0695","0","3"]],"instId":"BTC-USDT","ts":"1722880337705","seqId":30132661322}]}
{"arg":{"channel":"books5","instId":"BTC-USDT"},"data":[{"asks":[["54948","0.0264","0","1"],["54950","0.0264","0","1"],["54952","0.12745407","0","3"],["54952.1","0.18187256","0","1"],["54953.9","0.3017534","0","1"]],"bids":[["54947.9","0.09064132","0","4"],["54946","0.0264","0","1"],["54945.9","0.0246","0","1"],["54944.1","0.15","0","1"],["54944","0.06230596","0","2"]],"instId":"BTC-USDT","ts":"1722880337805","seqId":30132661537}]}
{"arg":{"channel":"books5","instId":"BTC-USDT"},"data":[{"asks":[["54962.5","0.01237841","0","1"],["54962.9","0.00004319","0","1"],["54963.6","0.00009245","0","1"],["54963.7","0.00950155","0","1"],["54964","0.01005","0","1"]],"bids":[["54962.4","0.1746","0","2"],["54962","0.0264","0","1"],["54960.6","0.15","0","1"],["54960.1","0.07873132","0","3"],["54960","0.09010132","0","3"]],"instId":"BTC-USDT","ts":"1722880337905","seqId":30132662099}]}
{"arg":{"channel":"books5","instId":"BTC-USDT"},"data":[{"asks":[["54962.9","0.00004319","0","1"],["54963.6","0.00009245","0","1"],["54964","0.01005","0","1"],["54964.7","0.01151452","0","1"],["54965.6","0.04552466","0","1"]],"bids":[["54962.8","0.15","0","1"],["54962","0.0264","0","1"],["54960","0.0264","0","1"],["54958.1","0.00016057","0","1"],["54958","0.0264","0","1"]],"instId":"BTC-USDT","ts":"1722880338005","seqId":30132662665}]}
{"arg":{"channel":"books5","instId":"BTC-USDT"},"data":[{"asks":[["54966.3","0.03659595","0","2"],["54966.4","0.00001204","0","1"],["54967.2","0.00051457","0","1"],["54968.1","0.00003591","0","1"],["54968.7","0.01146665","0","1"]],"bids":[["54966.2","0.21278483","0","3"],["54966.1","0.0359484","0","1"],["54966","0.0449","0","2"],["54964.8","0.15","0","1"],["54964.7","0.0790484","0","3"]],"instId":"BTC-USDT","ts":"1722880338105","seqId":30132662884}]}
{"arg":{"channel":"books5","instId":"BTC-USDT"},"data":[{"asks":[["54966.3","0.07264755","0","3"],["54966.4","0.00001204","0","1"],["54967.2","0.00051457","0","1"],["54968","0.0264","0","1"],["54968.1","0.00003591","0","1"]],"bids":[["54966.2","0.06278483","0","2"],["54966","0.0264","0","1"],["54964","0.0264","0","1"],["54963.9","0.0246","0","1"],["54962.8","0.15","0","1"]],"instId":"BTC-USDT","ts":"1722880338205","seqId":30132663034}]}
{"arg":{"channel":"books5","instId":"BTC-USDT"},"data":[{"asks":[["54966.3","0.07264755","0","3"],["54966.4","0.00001204","0","1"],["54967.2","0.00051457","0","1"],["54968","0.0264","0","1"],["54968.1","0.00003591","0","1"]],"bids":[["54966.2","0.06376966","0","4"],["54966","0.0264","0","1"],["54964","0.0264","0","1"],["54962.8","0.15","0","1"],["54962","0.0264","0","1"]],"instId":"BTC-USDT","ts":"1722880338305","seqId":30132663206}]}
{"arg":{"channel":"books5","instId":"BTC-USDT"},"data":[{"asks":[["54966.3","0.11264755","0","4"],["54966.4","0.00001204","0","1"],["54967.2","0.00051457","0","1"],["54968","0.0264","0","1"],["54968.1","0.00003591","0","1"]],"bids":[["54966.2","0.06376966","0","4"],["54966","0.0264","0","1"],["54964","0.0264","0","1"],["54962.8","0.15","0","1"],["54962","0.0264","0","1"]],"instId":"BTC-USDT","ts":"1722880338405","seqId":30132663263}]}
{"arg":{"channel":"books5","instId":"BTC-USDT"},"data":[{"asks":[["54966.1","0.12105747","0","5"],["54966.3","0.07606213","0","3"],["54966.4","0.00001204","0","1"],["54967.2","0.00051457","0","1"],["54968","0.0264","0","1"]],"bids":[["54966","0.0264","0","1"],["54964","0.0264","0","1"],["54962.8","0.15","0","1"],["54962","0.0264","0","1"],["54961.7","0.024","0","1"]],"instId":"BTC-USDT","ts":"1722880338505","seqId":30132663420}]}
{"arg":{"channel":"books5","instId":"BTC-USDT"},"data":[{"asks":[["54966.1","0.05682493","0","3"],["54966.3","0.07606213","0","3"],["54966.4","0.00001204","0","1"],["54967.2","0.00051457","0","1"],["54968","0.0264","0","1"]],"bids":[["54966","0.06308483","0","3"],["54964","0.0264","0","1"],["54962.8","0.15","0","1"],["54962","0.0264","0","1"],["54961.7","0.024","0","1"]],"instId":"BTC-USDT","ts":"1722880338605","seqId":30132663448}]}
{"arg":{"channel":"books5","instId":"BTC-USDT"},"data":[{"asks":[["54966.3","0.00001053","0","1"],["54966.4","0.00001204","0","1"],["54967.2","0.02511457","0","2"],["54968","0.00357597","0","1"],["54968.1","0.00003591","0","1"]],"bids":[["54966.2","0.15","0","1"],["54966","0.1764","0","2"],["54964","0.0264","0","1"],["54962.8","0.15","0","1"],["54962.1","0.0546271","0","1"]],"instId":"BTC-USDT","ts":"1722880338705","seqId":30132663579}]}
{"arg":{"channel":"books5","instId":"BTC-USDT"},"data":[{"asks":[["54966.3","0.03537834","0","3"],["54966.4","0.00001204","0","1"],["54967.2","0.00051457","0","1"],["54968","0.02997597","0","2"],["54968.1","0.00003591","0","1"]],"bids":[["54966.2","0.15","0","1"],["54966","0.1764","0","2"],["54964","0.0264","0","1"],["54962.8","0.15","0","1"],["54962","0.0264","0","1"]],"instId":"BTC-USDT","ts":"1722880338805","seqId":30132663771}]}
{"arg":{"channel":"books5","instId":"BTC-USDT"},"data":[{"asks":[["54966.1","0.08542534","0","5"],["54966.2","0.02809803","0","1"],["54966.3","0.04682994","0","3"],["54966.4","0.00001204","0","1"],["54967.2","0.00051457","0","1"]],"bids":[["54966","0.0264","0","1"],["54964","0.0264","0","1"],["54962","0.0264","0","1"],["54961.7","0.024","0","1"],["54960","0.0264","0","1"]],"instId":"BTC-USDT","ts":"1722880338905","seqId":30132663923}]}
{"arg":{"channel":"books5","instId":"BTC-USDT"},"data":[{"asks":[["54960.1","0.27138825","0","3"],["54961.8","0.04","0","1"],["54962","0.0264","0","1"],["54962.1","0.0360516","0","1"],["54963.8","0.64153369","0","1"]],"bids":[["54960","0.0264","0","1"],["54958","0.0264","0","1"],["54957.1","0.000015","0","1"],["54955.4","0.15","0","1"],["54954.8","0.14104129","0","1"]],"instId":"BTC-USDT","ts":"1722880339005","seqId":30132664324}]}
