{"event":"subscribe","arg":{"channel":"books5","instId":"DOT-USDT"},"connId":"5821cba2"}
{"arg":{"channel":"books5","instId":"DOT-USDT"},"data":[{"asks":[["4.153","183.212157","0","2"],["4.154","426.715708","0","6"],["4.155","753.780499","0","5"],["4.156","1477.994699","0","4"],["4.157","2365.529469","0","7"]],"bids":[["4.151","366.538955","0","4"],["4.15","805.89296","0","10"],["4.149","693.548327","0","11"],["4.148","2217.671034","0","6"],["4.147","4366.575411","0","10"]],"instId":"DOT-USDT","ts":"1722883401309","seqId":4862242624}]}
{"arg":{"channel":"books5","instId":"DOT-USDT"},"data":[{"asks":[["4.153","183.212157","0","2"],["4.154","426.715708","0","6"],["4.155","753.780499","0","5"],["4.156","1477.994699","0","4"],["4.157","2365.529469","0","7"]],"bids":[["4.151","458.944759","0","4"],["4.15","743.872895","0","11"],["4.149","693.548327","0","11"],["4.148","2217.671034","0","6"],["4.147","5414.47504","0","11"]],"instId":"DOT-USDT","ts":"1722883401409","seqId":4862242641}]}
{"arg":{"channel":"books5","instId":"DOT-USDT"},"data":[{"asks":[["4.153","183.212157","0","2"],["4.154","426.715708","0","6"],["4.155","753.780499","0","5"],["4.156","1477.994699","0","4"],["4.157","1809.565334","0","7"]],"bids":[["4.151","231.85214","0","3"],["4.15","394.98044","0","8"],["4.149","693.548327","0","11"],["4.148","2217.671034","0","6"],["4.147","6479.053461","0","12"]],"instId":"DOT-USDT","ts":"1722883401509","seqId":4862242661}]}
{"arg":{"channel":"books5","instId":"DOT-USDT"},"data":[{"asks":[["4.153","283.212157","0","3"],["4.154","526.715708","0","7"],["4.155","753.780499","0","5"],["4.156","1477.994699","0","4"],["4.157","1809.565334","0","7"]],"bids":[["4.151","263.104329","0","3"],["4.15","421.814705","0","9"],["4.149","693.548327","0","11"],["4.148","2217.671034","0","6"],["4.147","5431.153832","0","11"]],"instId":"DOT-USDT","ts":"1722883401609","seqId":4862242669}]}
{"arg":{"channel":"books5","instId":"DOT-USDT"},"data":[{"asks":[["4.152","100","0","1"],["4.153","307.804069","0","4"],["4.154","933.171506","0","6"],["4.155","753.780499","0","5"],["4.156","1346.933735","0","3"]],"bids":[["4.151","125","0","1"],["4.15","421.814705","0","9"],["4.149","693.548327","0","11"],["4.148","2217.671034","0","6"],["4.147","5550.0589","0","11"]],"instId":"DOT-USDT","ts":"1722883401709","seqId":4862242704}]}
{"arg":{"channel":"books5","instId":"DOT-USDT"},"data":[{"asks":[["4.153","283.212157","0","3"],["4.154","957.763418","0","7"],["4.155","185.441546","0","4"],["4.156","4.851559","0","2"],["4.157","2068.295255","0","7"]],"bids":[["4.151","332.363324","0","4"],["4.15","760.710875","0","10"],["4.149","693.548327","0","11"],["4.148","2217.671034","0","6"],["4.147","4350.752509","0","10"]],"instId":"DOT-USDT","ts":"1722883401809","seqId":4862242751}]}
{"arg":{"channel":"books5","instId":"DOT-USDT"},"data":[{"asks":[["4.153","283.212157","0","3"],["4.154","426.715708","0","6"],["4.155","185.441546","0","4"],["4.156","1625.67703","0","3"],["4.157","2068.295255","0","7"]],"bids":[["4.151","205.01788","0","2"],["4.15","787.54514","0","11"],["4.149","693.548327","0","11"],["4.148","2217.671034","0","6"],["4.147","5398.652138","0","11"]],"instId":"DOT-USDT","ts":"1722883401909","seqId":4862242759}]}
{"arg":{"channel":"books5","instId":"DOT-USDT"},"data":[{"asks":[["4.153","183.212157","0","2"],["4.154","426.715708","0","6"],["4.155","185.441546","0","4"],["4.156","1625.67703","0","3"],["4.157","2068.295255","0","7"]],"bids":[["4.151","348.838035","0","4"],["4.15","760.710875","0","10"],["4.149","693.548327","0","11"],["4.148","2217.671034","0","6"],["4.147","5398.652138","0","11"]],"instId":"DOT-USDT","ts":"1722883402109","seqId":4862242768}]}
{"arg":{"channel":"books5","instId":"DOT-USDT"},"data":[{"asks":[["4.153","183.212157","0","2"],["4.154","426.715708","0","6"],["4.155","737.199483","0","5"],["4.156","1625.67703","0","3"],["4.157","2068.295255","0","7"]],"bids":[["4.151","348.838035","0","4"],["4.15","760.710875","0","10"],["4.149","693.548327","0","11"],["4.148","2217.671034","0","6"],["4.147","5398.652138","0","11"]],"instId":"DOT-USDT","ts":"1722883402209","seqId":4862242769}]}
{"arg":{"channel":"books5","instId":"DOT-USDT"},"data":[{"asks":[["4.153","183.212157","0","2"],["4.154","426.715708","0","6"],["4.155","881.203419","0","5"],["4.156","2177.434967","0","4"],["4.157","1911.857747","0","6"]],"bids":[["4.151","348.838035","0","4"],["4.15","760.710875","0","10"],["4.149","693.548327","0","11"],["4.148","2217.671034","0","6"],["4.147","4350.752509","0","10"]],"instId":"DOT-USDT","ts":"1722883402309","seqId":4862242783}]}
{"arg":{"channel":"books5","instId":"DOT-USDT"},"data":[{"asks":[["4.153","183.212157","0","2"],["4.154","426.715708","0","6"],["4.155","881.203419","0","5"],["4.156","2177.434967","0","4"],["4.157","1911.857747","0","6"]],"bids":[["4.151","322.00377","0","3"],["4.15","787.54514","0","11"],["4.149","693.548327","0","11"],["4.148","2217.671034","0","6"],["4.147","5411.683402","0","11"]],"instId":"DOT-USDT","ts":"1722883402409","seqId":4862242788}]}
{"arg":{"channel":"books5","instId":"DOT-USDT"},"data":[{"asks":[["4.153","183.212157","0","2"],["4.154","426.715708","0","6"],["4.155","1432.961356","0","6"],["4.156","1625.67703","0","3"],["4.157","1911.857747","0","6"]],"bids":[["4.151","348.838035","0","4"],["4.15","760.710875","0","10"],["4.149","693.548327","0","11"],["4.148","2217.671034","0","6"],["4.147","5411.683402","0","11"]],"instId":"DOT-USDT","ts":"1722883402509","seqId":4862242794}]}
{"arg":{"channel":"books5","instId":"DOT-USDT"},"data":[{"asks":[["4.153","183.212157","0","2"],["4.154","261.132279","0","5"],["4.155","185.441546","0","4"],["4.156","104.851559","0","3"],["4.157","2241.814451","0","6"]],"bids":[["4.152","2.834042","0","1"],["4.151","361.85179","0","5"],["4.15","717.038626","0","10"],["4.149","693.548327","0","11"],["4.148","3442.769473","0","7"]],"instId":"DOT-USDT","ts":"1722883402609","seqId":4862242853}]}
{"arg":{"channel":"books5","instId":"DOT-USDT"},"data":[{"asks":[["4.153","183.212157","0","2"],["4.154","261.132279","0","5"],["4.155","316.506001","0","5"],["4.156","104.851559","0","3"],["4.157","2906.30765","0","7"]],"bids":[["4.151","151.834265","0","2"],["4.15","394.98044","0","8"],["4.149","568.732884","0","10"],["4.148","2217.671034","0","6"],["4.147","6275.697809","0","12"]],"instId":"DOT-USDT","ts":"1722883402709","seqId":4862242884}]}
{"arg":{"channel":"books5","instId":"DOT-USDT"},"data":[{"asks":[["4.153","183.212157","0","2"],["4.154","261.132279","0","5"],["4.155","868.263938","0","6"],["4.156","104.851559","0","3"],["4.157","2906.30765","0","7"]],"bids":[["4.151","151.834265","0","2"],["4.15","394.98044","0","8"],["4.149","568.732884","0","10"],["4.148","2217.671034","0","6"],["4.147","6275.697809","0","12"]],"instId":"DOT-USDT","ts":"1722883402809","seqId":4862242886}]}
{"arg":{"channel":"books5","instId":"DOT-USDT"},"data":[{"asks":[["4.152","100","0","1"],["4.153","207.804069","0","3"],["4.154","778.900329","0","5"],["4.155","868.263938","0","6"],["4.156","104.851559","0","3"]],"bids":[["4.151","125","0","1"],["4.15","421.814705","0","9"],["4.149","1237.255116","0","11"],["4.148","366.29948","0","5"],["4.147","5553.929763","0","10"]],"instId":"DOT-USDT","ts":"1722883402909","seqId":4862242927}]}
{"arg":{"channel":"books5","instId":"DOT-USDT"},"data":[{"asks":[["4.153","283.212157","0","3"],["4.154","803.492241","0","6"],["4.155","316.506001","0","5"],["4.156","555.437148","0","3"],["4.157","2997.529731","0","7"]],"bids":[["4.151","264.704696","0","3"],["4.15","707.727228","0","10"],["4.149","568.732884","0","10"],["4.148","366.29948","0","5"],["4.147","5892.33884","0","11"]],"instId":"DOT-USDT","ts":"1722883403009","seqId":4862242979}]}
{"arg":{"channel":"books5","instId":"DOT-USDT"},"data":[{"asks":[["4.153","283.212157","0","3"],["4.154","426.71571","0","6"],["4.155","185.441546","0","4"],["4.156","555.437148","0","3"],["4.157","2997.529731","0","7"]],"bids":[["4.151","291.538961","0","4"],["4.15","680.892963","0","9"],["4.149","568.732884","0","10"],["4.148","366.29948","0","5"],["4.147","5892.33884","0","11"]],"instId":"DOT-USDT","ts":"1722883403109","seqId":4862242989}]}
{"arg":{"channel":"books5","instId":"DOT-USDT"},"data":[{"asks":[["4.153","283.212157","0","3"],["4.154","426.71571","0","6"],["4.155","185.441546","0","4"],["4.156","555.437148","0","3"],["4.157","2997.529731","0","7"]],"bids":[["4.151","291.538961","0","4"],["4.15","680.892963","0","9"],["4.149","568.732884","0","10"],["4.148","1408.547441","0","6"],["4.147","5892.33884","0","11"]],"instId":"DOT-USDT","ts":"1722883403209","seqId":4862242992}]}
{"arg":{"channel":"books5","instId":"DOT-USDT"},"data":[{"asks":[["4.152","225","0","2"],["4.153","307.804069","0","4"],["4.154","402.123798","0","5"],["4.155","185.441546","0","4"],["4.156","1387.519074","0","3"]],"bids":[["4.151","4.701559","0","1"],["4.15","406.814705","0","8"],["4.149","532.587214","0","9"],["4.148","366.29948","0","5"],["4.147","4720.019635","0","10"]],"instId":"DOT-USDT","ts":"1722883403309","seqId":4862243075}]}
{"arg":{"channel":"books5","instId":"DOT-USDT"},"data":[{"asks":[["4.153","283.212157","0","3"],["4.154","426.71571","0","6"],["4.155","716.514191","0","5"],["4.156","817.345724","0","3"],["4.157","1777.113532","0","7"]],"bids":[["4.151","129.701559","0","2"],["4.15","406.814705","0","8"],["4.149","568.732884","0","10"],["4.148","366.29948","0","5"],["4.147","7147.461282","0","12"]],"instId":"DOT-USDT","ts":"1722883403409","seqId":4862243120}]}
{"arg":{"channel":"books5","instId":"DOT-USDT"},"data":[{"asks":[["4.153","283.212157","0","3"],["4.154","943.919009","0","7"],["4.155","716.514191","0","5"],["4.156","817.345724","0","3"],["4.157","1777.113532","0","7"]],"bids":[["4.151","129.701559","0","2"],["4.15","406.814705","0","8"],["4.149","568.732884","0","10"],["4.148","1408.547441","0","6"],["4.147","6105.213321","0","11"]],"instId":"DOT-USDT","ts":"1722883403509","seqId":4862243127}]}
{"arg":{"channel":"books5","instId":"DOT-USDT"},"data":[{"asks":[["4.153","283.212157","0","3"],["4.154","1043.919009","0","8"],["4.155","716.514191","0","5"],["4.156","817.345724","0","3"],["4.157","1777.113532","0","7"]],"bids":[["4.151","320.406245","0","4"],["4.15","792.727223","0","10"],["4.149","568.732884","0","10"],["4.148","1408.547441","0","6"],["4.147","6105.213321","0","11"]],"instId":"DOT-USDT","ts":"1722883403609","seqId":4862243135}]}
{"arg":{"channel":"books5","instId":"DOT-USDT"},"data":[{"asks":[["4.153","183.212157","0","2"],["4.154","1043.919009","0","8"],["4.155","716.514191","0","5"],["4.156","817.345724","0","3"],["4.157","1777.113532","0","7"]],"bids":[["4.151","347.24051","0","5"],["4.15","765.892958","0","9"],["4.149","568.732884","0","10"],["4.148","1408.547441","0","6"],["4.147","6105.213321","0","11"]],"instId":"DOT-USDT","ts":"1722883403809","seqId":4862243141}]}
{"arg":{"channel":"books5","instId":"DOT-USDT"},"data":[{"asks":[["4.153","58.212157","0","1"],["4.154","502.123798","0","6"],["4.155","210.033458","0","5"],["4.156","555.437154","0","3"],["4.157","596.905979","0","6"]],"bids":[["4.152","250","0","2"],["4.151","425.662367","0","6"],["4.15","802.038628","0","10"],["4.149","568.732884","0","10"],["4.148","1556.101418","0","6"]],"instId":"DOT-USDT","ts":"1722883403909","seqId":4862243182}]}
{"arg":{"channel":"books5","instId":"DOT-USDT"},"data":[{"asks":[["4.153","183.212157","0","2"],["4.154","502.123798","0","6"],["4.155","210.033458","0","5"],["4.156","555.437154","0","3"],["4.157","1943.098565","0","7"]],"bids":[["4.151","288.141289","0","4"],["4.15","692.727223","0","9"],["4.149","568.732884","0","10"],["4.148","366.29948","0","5"],["4.147","6451.972914","0","12"]],"instId":"DOT-USDT","ts":"1722883404009","seqId":4862243209}]}
{"arg":{"channel":"books5","instId":"DOT-USDT"},"data":[{"asks":[["4.153","183.212157","0","2"],["4.154","502.123798","0","6"],["4.155","185.441546","0","4"],["4.156","555.437154","0","3"],["4.157","1943.098565","0","7"]],"bids":[["4.151","258.805888","0","4"],["4.15","692.727223","0","9"],["4.149","568.732884","0","10"],["4.148","366.29948","0","5"],["4.147","6451.972914","0","12"]],"instId":"DOT-USDT","ts":"1722883404109","seqId":4862243216}]}
{"arg":{"channel":"books5","instId":"DOT-USDT"},"data":[{"asks":[["4.153","183.212157","0","2"],["4.154","526.71571","0","7"],["4.155","185.441546","0","4"],["4.156","555.437154","0","3"],["4.157","1943.098565","0","7"]],"bids":[["4.151","285.640153","0","5"],["4.15","665.892958","0","8"],["4.149","568.732884","0","10"],["4.148","366.29948","0","5"],["4.147","6451.972914","0","12"]],"instId":"DOT-USDT","ts":"1722883404209","seqId":4862243219}]}
{"arg":{"channel":"books5","instId":"DOT-USDT"},"data":[{"asks":[["4.153","183.212157","0","2"],["4.154","526.71571","0","7"],["4.155","185.441546","0","4"],["4.156","555.437154","0","3"],["4.157","1943.098565","0","7"]],"bids":[["4.151","207.705837","0","3"],["4.15","692.727223","0","9"],["4.149","568.732884","0","10"],["4.148","387.787137","0","6"],["4.147","6451.972914","0","12"]],"instId":"DOT-USDT","ts":"1722883404309","seqId":4862243230}]}
{"arg":{"channel":"books5","instId":"DOT-USDT"},"data":[{"asks":[["4.152","350","0","3"],["4.153","183.212157","0","2"],["4.154","526.71571","0","7"],["4.155","185.441546","0","4"],["4.156","555.437154","0","3"]],"bids":[["4.151","4.701559","0","1"],["4.15","406.814705","0","8"],["4.149","568.732884","0","10"],["4.148","387.787137","0","6"],["4.147","5496.415118","0","11"]],"instId":"DOT-USDT","ts":"1722883404409","seqId":4862243247}]}
{"arg":{"channel":"books5","instId":"DOT-USDT"},"data":[{"asks":[["4.152","250","0","2"],["4.153","207.804069","0","3"],["4.154","502.123798","0","6"],["4.155","185.441546","0","4"],["4.156","555.437154","0","3"]],"bids":[["4.151","187.975815","0","2"],["4.15","1046.375768","0","11"],["4.149","792.407895","0","12"],["4.148","387.787137","0","6"],["4.147","5488.831578","0","11"]],"instId":"DOT-USDT","ts":"1722883404509","seqId":4862243303}]}
{"arg":{"channel":"books5","instId":"DOT-USDT"},"data":[{"asks":[["4.152","250","0","2"],["4.153","307.804069","0","4"],["4.154","502.123798","0","6"],["4.155","703.518372","0","5"],["4.156","555.437154","0","3"]],"bids":[["4.15","908.060466","0","10"],["4.149","792.407895","0","12"],["4.148","366.29948","0","5"],["4.147","4484.236222","0","10"],["4.146","4151.917513","0","10"]],"instId":"DOT-USDT","ts":"1722883404609","seqId":4862243336}]}
{"arg":{"channel":"books5","instId":"DOT-USDT"},"data":[{"asks":[["4.152","250","0","2"],["4.153","307.804069","0","4"],["4.154","562.281883","0","7"],["4.155","2202.02443","0","5"],["4.156","1900.932974","0","4"]],"bids":[["4.15","444.772386","0","7"],["4.149","583.194835","0","11"],["4.148","402.44515","0","6"],["4.147","3325.547997","0","9"],["4.146","5637.206783","0","11"]],"instId":"DOT-USDT","ts":"1722883404709","seqId":4862243389}]}
{"arg":{"channel":"books5","instId":"DOT-USDT"},"data":[{"asks":[["4.152","250","0","2"],["4.153","307.804069","0","4"],["4.154","396.698452","0","6"],["4.155","643.376826","0","4"],["4.156","2023.831975","0","4"]],"bids":[["4.15","471.606651","0","8"],["4.149","556.36057","0","10"],["4.148","402.44515","0","6"],["4.147","3325.547997","0","9"],["4.146","5649.861518","0","11"]],"instId":"DOT-USDT","ts":"1722883404809","seqId":4862243424}]}
{"arg":{"channel":"books5","instId":"DOT-USDT"},"data":[{"asks":[["4.152","274.591912","0","3"],["4.153","699.623025","0","4"],["4.154","396.698452","0","6"],["4.155","2484.934809","0","5"],["4.156","1473.24638","0","3"]],"bids":[["4.15","364.630151","0","6"],["4.149","462.741933","0","10"],["4.148","402.44515","0","6"],["4.147","2422.427997","0","8"],["4.146","6552.761518","0","12"]],"instId":"DOT-USDT","ts":"1722883404909","seqId":4862243442}]}
{"arg":{"channel":"books5","instId":"DOT-USDT"},"data":[{"asks":[["4.152","274.591912","0","3"],["4.153","699.623025","0","4"],["4.154","1134.700982","0","7"],["4.155","1840.09164","0","5"],["4.156","1473.24638","0","3"]],"bids":[["4.15","303.330151","0","5"],["4.149","462.741933","0","10"],["4.148","1571.281499","0","7"],["4.147","2422.427997","0","8"],["4.146","5279.487198","0","10"]],"instId":"DOT-USDT","ts":"1722883405009","seqId":4862243463}]}
{"arg":{"channel":"books5","instId":"DOT-USDT"},"data":[{"asks":[["4.152","250","0","2"],["4.153","724.214937","0","5"],["4.154","917.711691","0","7"],["4.155","1322.014814","0","4"],["4.156","2211.248912","0","4"]],"bids":[["4.15","303.330151","0","5"],["4.149","576.852902","0","11"],["4.148","2688.288383","0","8"],["4.147","2422.427997","0","8"],["4.146","5279.487198","0","10"]],"instId":"DOT-USDT","ts":"1722883405109","seqId":4862243474}]}
{"arg":{"channel":"books5","instId":"DOT-USDT"},"data":[{"asks":[["4.152","250","0","2"],["4.153","307.804069","0","4"],["4.154","396.698452","0","6"],["4.155","1843.028053","0","5"],["4.156","2211.248912","0","4"]],"bids":[["4.15","330.164416","0","6"],["4.149","1388.975784","0","11"],["4.148","1571.281499","0","7"],["4.147","1057.843953","0","7"],["4.146","6384.631027","0","11"]],"instId":"DOT-USDT","ts":"1722883405209","seqId":4862243489}]}
{"arg":{"channel":"books5","instId":"DOT-USDT"},"data":[{"asks":[["4.152","250","0","2"],["4.153","307.804069","0","4"],["4.154","396.698452","0","6"],["4.155","1843.028053","0","5"],["4.156","2211.248912","0","4"]],"bids":[["4.15","330.164416","0","6"],["4.149","550.018637","0","10"],["4.148","1571.281499","0","7"],["4.147","3820.960253","0","9"],["4.146","5279.487198","0","10"]],"instId":"DOT-USDT","ts":"1722883405309","seqId":4862243499}]}
{"arg":{"channel":"books5","instId":"DOT-USDT"},"data":[{"asks":[["4.152","250","0","2"],["4.153","645.049252","0","5"],["4.154","396.698452","0","6"],["4.155","1843.028053","0","5"],["4.156","2211.248912","0","4"]],"bids":[["4.15","330.164416","0","6"],["4.149","550.018637","0","10"],["4.148","1571.281499","0","7"],["4.147","3820.960253","0","9"],["4.146","5279.487198","0","10"]],"instId":"DOT-USDT","ts":"1722883405409","seqId":4862243505}]}
{"arg":{"channel":"books5","instId":"DOT-USDT"},"data":[{"asks":[["4.152","100","0","1"],["4.153","355.624671","0","5"],["4.154","248.87785","0","4"],["4.155","125.3","0","3"],["4.156","555.437154","0","3"]],"bids":[["4.151","250","0","2"],["4.15","466.463041","0","7"],["4.149","550.018637","0","10"],["4.148","1571.281499","0","7"],["4.147","3820.960253","0","9"]],"instId":"DOT-USDT","ts":"1722883405509","seqId":4862243565}]}
{"arg":{"channel":"books5","instId":"DOT-USDT"},"data":[{"asks":[["4.152","225","0","2"],["4.153","355.624671","0","5"],["4.154","769.891089","0","5"],["4.155","125.3","0","3"],["4.156","1808.048655","0","4"]],"bids":[["4.15","455.536339","0","8"],["4.149","650.018637","0","11"],["4.148","1571.281499","0","7"],["4.147","2703.953369","0","8"],["4.146","5030.212835","0","10"]],"instId":"DOT-USDT","ts":"1722883405609","seqId":4862243596}]}
{"arg":{"channel":"books5","instId":"DOT-USDT"},"data":[{"asks":[["4.152","225","0","2"],["4.153","691.228364","0","6"],["4.154","769.891089","0","5"],["4.155","1732.542715","0","4"],["4.156","1843.631623","0","5"]],"bids":[["4.15","455.536339","0","8"],["4.149","650.018637","0","11"],["4.148","1571.281499","0","7"],["4.147","2703.953369","0","8"],["4.146","5030.212835","0","10"]],"instId":"DOT-USDT","ts":"1722883405709","seqId":4862243607}]}
{"arg":{"channel":"books5","instId":"DOT-USDT"},"data":[{"asks":[["4.152","225","0","2"],["4.153","691.228364","0","6"],["4.154","769.891089","0","5"],["4.155","1732.542715","0","4"],["4.156","1843.631623","0","5"]],"bids":[["4.15","455.536339","0","8"],["4.149","550.018637","0","10"],["4.148","1571.281499","0","7"],["4.147","2703.953369","0","8"],["4.146","5030.212835","0","10"]],"instId":"DOT-USDT","ts":"1722883405809","seqId":4862243612}]}
{"arg":{"channel":"books5","instId":"DOT-USDT"},"data":[{"asks":[["4.152","225","0","2"],["4.153","691.228364","0","6"],["4.154","769.891089","0","5"],["4.155","1732.542715","0","4"],["4.156","1843.631623","0","5"]],"bids":[["4.15","455.536339","0","8"],["4.149","550.018637","0","10"],["4.148","1571.281499","0","7"],["4.147","3820.960253","0","9"],["4.146","5030.212835","0","10"]],"instId":"DOT-USDT","ts":"1722883405909","seqId":4862243615}]}
{"arg":{"channel":"books5","instId":"DOT-USDT"},"data":[{"asks":[["4.152","225","0","2"],["4.153","691.228364","0","6"],["4.154","769.891089","0","5"],["4.155","1732.542715","0","4"],["4.156","1843.631623","0","5"]],"bids":[["4.15","394.236339","0","7"],["4.149","550.018637","0","10"],["4.148","1571.281499","0","7"],["4.147","3820.960253","0","9"],["4.146","5030.212835","0","10"]],"instId":"DOT-USDT","ts":"1722883406009","seqId":4862243620}]}
{"arg":{"channel":"books5","instId":"DOT-USDT"},"data":[{"asks":[["4.152","225","0","2"],["4.153","691.228364","0","6"],["4.154","860.297586","0","6"],["4.155","1732.542715","0","4"],["4.156","1293.046028","0","4"]],"bids":[["4.15","367.402074","0","6"],["4.149","576.852902","0","11"],["4.148","1571.281499","0","7"],["4.147","3860.886278","0","9"],["4.146","5030.212835","0","10"]],"instId":"DOT-USDT","ts":"1722883406109","seqId":4862243633}]}
{"arg":{"channel":"books5","instId":"DOT-USDT"},"data":[{"asks":[["4.152","225","0","2"],["4.153","587.259781","0","6"],["4.154","339.284347","0","5"],["4.155","1732.542715","0","4"],["4.156","1293.046028","0","4"]],"bids":[["4.15","394.236339","0","7"],["4.149","550.018637","0","10"],["4.148","1571.281499","0","7"],["4.147","2703.953369","0","8"],["4.146","5030.212835","0","10"]],"instId":"DOT-USDT","ts":"1722883406209","seqId":4862243642}]}
{"arg":{"channel":"books5","instId":"DOT-USDT"},"data":[{"asks":[["4.152","225","0","2"],["4.153","587.259781","0","6"],["4.154","861.261322","0","6"],["4.155","1732.542715","0","4"],["4.156","1293.046028","0","4"]],"bids":[["4.15","394.236339","0","7"],["4.149","550.018637","0","10"],["4.148","1571.281499","0","7"],["4.147","3860.886278","0","9"],["4.146","5030.212835","0","10"]],"instId":"DOT-USDT","ts":"1722883406309","seqId":4862243648}]}
{"arg":{"channel":"books5","instId":"DOT-USDT"},"data":[{"asks":[["4.152","125","0","1"],["4.153","587.409781","0","7"],["4.154","861.261322","0","6"],["4.155","1732.542715","0","4"],["4.156","1293.046028","0","4"]],"bids":[["4.15","822.185825","0","9"],["4.149","550.018637","0","10"],["4.148","1571.281499","0","7"],["4.147","3860.886278","0","9"],["4.146","5030.212835","0","10"]],"instId":"DOT-USDT","ts":"1722883406509","seqId":4862243676}]}
{"arg":{"channel":"books5","instId":"DOT-USDT"},"data":[{"asks":[["4.152","125","0","1"],["4.153","587.409781","0","7"],["4.154","961.261322","0","7"],["4.155","1732.542715","0","4"],["4.156","1293.046028","0","4"]],"bids":[["4.15","822.185825","0","9"],["4.149","550.018637","0","10"],["4.148","1571.281499","0","7"],["4.147","3860.886278","0","9"],["4.146","5030.212835","0","10"]],"instId":"DOT-USDT","ts":"1722883406609","seqId":4862243677}]}
{"arg":{"channel":"books5","instId":"DOT-USDT"},"data":[{"asks":[["4.153","587.259781","0","6"],["4.154","439.284347","0","6"],["4.155","125.3","0","3"],["4.156","1263.47844","0","4"],["4.157","2045.934874","0","7"]],"bids":[["4.151","276.834265","0","3"],["4.15","498.030569","0","8"],["4.149","586.173017","0","11"],["4.148","1571.281499","0","7"],["4.147","6068.877186","0","11"]],"instId":"DOT-USDT","ts":"1722883406709","seqId":4862243717}]}
{"arg":{"channel":"books5","instId":"DOT-USDT"},"data":[{"asks":[["4.153","587.259781","0","6"],["4.154","339.284347","0","5"],["4.155","125.3","0","3"],["4.156","591.020125","0","4"],["4.157","2071.370375","0","7"]],"bids":[["4.151","250","0","2"],["4.15","524.864834","0","9"],["4.149","586.173017","0","11"],["4.148","1571.281499","0","7"],["4.147","5086.172512","0","10"]],"instId":"DOT-USDT","ts":"1722883406809","seqId":4862243748}]}
{"arg":{"channel":"books5","instId":"DOT-USDT"},"data":[{"asks":[["4.153","307.804069","0","4"],["4.154","900.961685","0","7"],["4.155","125.3","0","3"],["4.156","555.437157","0","3"],["4.157","2071.370375","0","7"]],"bids":[["4.151","250","0","2"],["4.15","524.864834","0","9"],["4.149","586.173017","0","11"],["4.148","1571.281499","0","7"],["4.147","4847.925922","0","10"]],"instId":"DOT-USDT","ts":"1722883406909","seqId":4862243769}]}
{"arg":{"channel":"books5","instId":"DOT-USDT"},"data":[{"asks":[["4.153","307.804069","0","4"],["4.154","900.961685","0","7"],["4.155","125.3","0","3"],["4.156","555.437157","0","3"],["4.157","2071.370375","0","7"]],"bids":[["4.151","250","0","2"],["4.15","524.864834","0","9"],["4.149","586.173017","0","11"],["4.148","1535.135829","0","6"],["4.147","6030.216889","0","11"]],"instId":"DOT-USDT","ts":"1722883407009","seqId":4862243775}]}
{"arg":{"channel":"books5","instId":"DOT-USDT"},"data":[{"asks":[["4.152","100","0","1"],["4.153","307.804069","0","4"],["4.154","900.961685","0","7"],["4.155","125.3","0","3"],["4.156","891.040855","0","4"]],"bids":[["4.151","250","0","2"],["4.15","524.864834","0","9"],["4.149","586.173017","0","11"],["4.148","1535.135829","0","6"],["4.147","3929.239603","0","9"]],"instId":"DOT-USDT","ts":"1722883407109","seqId":4862243805}]}
{"arg":{"channel":"books5","instId":"DOT-USDT"},"data":[{"asks":[["4.152","100","0","1"],["4.153","307.804069","0","4"],["4.154","900.961685","0","7"],["4.155","125.3","0","3"],["4.156","891.040855","0","4"]],"bids":[["4.151","250","0","2"],["4.15","524.864834","0","9"],["4.149","586.173017","0","11"],["4.148","1535.135829","0","6"],["4.147","5111.53057","0","10"]],"instId":"DOT-USDT","ts":"1722883407209","seqId":4862243808}]}
{"arg":{"channel":"books5","instId":"DOT-USDT"},"data":[{"asks":[["4.153","183.212157","0","2"],["4.154","422.949968","0","7"],["4.155","1124.868311","0","6"],["4.156","891.040855","0","4"],["4.157","2071.370375","0","7"]],"bids":[["4.151","276.834265","0","3"],["4.15","558.235636","0","9"],["4.149","525.950757","0","10"],["4.148","1535.135829","0","6"],["4.147","6093.815449","0","11"]],"instId":"DOT-USDT","ts":"1722883407309","seqId":4862243838}]}
{"arg":{"channel":"books5","instId":"DOT-USDT"},"data":[{"asks":[["4.153","183.212157","0","2"],["4.154","770.612805","0","6"],["4.155","699.299235","0","5"],["4.156","891.040855","0","4"],["4.157","2071.370375","0","7"]],"bids":[["4.151","461.517707","0","5"],["4.15","558.235636","0","9"],["4.149","525.950757","0","10"],["4.148","1535.135829","0","6"],["4.147","4911.524482","0","10"]],"instId":"DOT-USDT","ts":"1722883407409","seqId":4862243861}]}
{"arg":{"channel":"books5","instId":"DOT-USDT"},"data":[{"asks":[["4.153","183.212157","0","2"],["4.154","770.612805","0","6"],["4.155","699.299235","0","5"],["4.156","891.040855","0","4"],["4.157","2071.370375","0","7"]],"bids":[["4.151","434.683442","0","4"],["4.15","585.069901","0","10"],["4.149","525.950757","0","10"],["4.148","2717.426796","0","7"],["4.147","4911.524482","0","10"]],"instId":"DOT-USDT","ts":"1722883407509","seqId":4862243866}]}
{"arg":{"channel":"books5","instId":"DOT-USDT"},"data":[{"asks":[["4.153","283.212157","0","3"],["4.154","870.612805","0","7"],["4.155","699.299235","0","5"],["4.156","891.040855","0","4"],["4.157","2071.370375","0","7"]],"bids":[["4.151","434.683442","0","4"],["4.15","585.069901","0","10"],["4.149","1899.750507","0","11"],["4.148","2717.426796","0","7"],["4.147","3265.415066","0","9"]],"instId":"DOT-USDT","ts":"1722883407609","seqId":4862243871}]}
{"arg":{"channel":"books5","instId":"DOT-USDT"},"data":[{"asks":[["4.153","283.212157","0","3"],["4.154","870.612805","0","7"],["4.155","699.299235","0","5"],["4.156","891.040855","0","4"],["4.157","2071.370375","0","7"]],"bids":[["4.151","434.683442","0","4"],["4.15","677.324912","0","11"],["4.149","625.950757","0","11"],["4.148","2701.04493","0","7"],["4.147","4891.432181","0","10"]],"instId":"DOT-USDT","ts":"1722883407909","seqId":4862243887}]}
{"arg":{"channel":"books5","instId":"DOT-USDT"},"data":[{"asks":[["4.153","283.212157","0","3"],["4.154","746.020893","0","5"],["4.155","704.996664","0","5"],["4.156","891.040855","0","4"],["4.157","2720.133861","0","8"]],"bids":[["4.151","461.517707","0","5"],["4.15","558.235636","0","9"],["4.149","525.950757","0","10"],["4.148","2701.04493","0","7"],["4.147","4844.147066","0","10"]],"instId":"DOT-USDT","ts":"1722883408209","seqId":4862243938}]}
{"arg":{"channel":"books5","instId":"DOT-USDT"},"data":[{"asks":[["4.153","183.212157","0","2"],["4.154","426.716899","0","6"],["4.155","704.996664","0","5"],["4.156","891.040855","0","4"],["4.157","2720.133861","0","8"]],"bids":[["4.151","461.517707","0","5"],["4.15","558.235636","0","9"],["4.149","525.950757","0","10"],["4.148","2701.04493","0","7"],["4.147","4844.147066","0","10"]],"instId":"DOT-USDT","ts":"1722883408309","seqId":4862243953}]}
{"arg":{"channel":"books5","instId":"DOT-USDT"},"data":[{"asks":[["4.153","183.212157","0","2"],["4.154","426.716899","0","6"],["4.155","185.442499","0","4"],["4.156","891.040855","0","4"],["4.157","2720.133861","0","8"]],"bids":[["4.151","434.683442","0","4"],["4.15","585.069901","0","10"],["4.149","525.950757","0","10"],["4.148","2701.04493","0","7"],["4.147","4844.147066","0","10"]],"instId":"DOT-USDT","ts":"1722883408409","seqId":4862243959}]}
{"arg":{"channel":"books5","instId":"DOT-USDT"},"data":[{"asks":[["4.153","183.212157","0","2"],["4.154","426.716899","0","6"],["4.155","704.996664","0","5"],["4.156","891.040855","0","4"],["4.157","2720.133861","0","8"]],"bids":[["4.151","434.683442","0","4"],["4.15","585.069901","0","10"],["4.149","525.950757","0","10"],["4.148","2701.04493","0","7"],["4.147","4844.147066","0","10"]],"instId":"DOT-USDT","ts":"1722883408509","seqId":4862243967}]}
{"arg":{"channel":"books5","instId":"DOT-USDT"},"data":[{"asks":[["4.154","479.154385","0","4"],["4.155","357.855013","0","7"],["4.156","555.437157","0","3"],["4.157","747.16337","0","6"],["4.158","2130.683335","0","6"]],"bids":[["4.152","250","0","2"],["4.151","633.358062","0","6"],["4.15","569.381306","0","10"],["4.149","525.950757","0","10"],["4.148","3712.105236","0","8"]],"instId":"DOT-USDT","ts":"1722883408609","seqId":4862244027}]}
{"arg":{"channel":"books5","instId":"DOT-USDT"},"data":[{"asks":[["4.153","225","0","2"],["4.154","503.746297","0","5"],["4.155","391.475258","0","7"],["4.156","555.437157","0","3"],["4.157","2601.649578","0","8"]],"bids":[["4.152","125","0","1"],["4.151","461.517707","0","5"],["4.15","533.235636","0","9"],["4.149","525.950757","0","10"],["4.148","1532.208581","0","6"]],"instId":"DOT-USDT","ts":"1722883408709","seqId":4862244070}]}
{"arg":{"channel":"books5","instId":"DOT-USDT"},"data":[{"asks":[["4.153","250","0","2"],["4.154","338.161677","0","4"],["4.155","911.029423","0","8"],["4.156","555.437157","0","3"],["4.157","747.16337","0","6"]],"bids":[["4.152","250","0","2"],["4.151","546.207955","0","6"],["4.15","569.381306","0","10"],["4.149","525.950757","0","10"],["4.148","2994.159569","0","7"]],"instId":"DOT-USDT","ts":"1722883408809","seqId":4862244093}]}
{"arg":{"channel":"books5","instId":"DOT-USDT"},"data":[{"asks":[["4.153","250","0","2"],["4.154","338.161677","0","4"],["4.155","911.029423","0","8"],["4.156","555.437157","0","3"],["4.157","2104.86622","0","7"]],"bids":[["4.151","502.842386","0","6"],["4.15","471.935636","0","8"],["4.149","525.950757","0","10"],["4.148","1532.208581","0","6"],["4.147","6813.983943","0","11"]],"instId":"DOT-USDT","ts":"1722883408909","seqId":4862244113}]}
{"arg":{"channel":"books5","instId":"DOT-USDT"},"data":[{"asks":[["4.154","313.569765","0","3"],["4.155","941.454194","0","9"],["4.156","236.687153","0","3"],["4.157","492.16337","0","5"],["4.158","2191.676546","0","7"]],"bids":[["4.152","250","0","2"],["4.151","613.034322","0","8"],["4.15","1669.150891","0","10"],["4.149","1655.705478","0","10"],["4.148","2521.757004","0","7"]],"instId":"DOT-USDT","ts":"1722883409009","seqId":4862244163}]}
{"arg":{"channel":"books5","instId":"DOT-USDT"},"data":[{"asks":[["4.154","250","0","2"],["4.155","355.924671","0","7"],["4.156","296.815752","0","4"],["4.157","492.16337","0","5"],["4.158","2071.470629","0","6"]],"bids":[["4.152","276.834265","0","3"],["4.151","536.198663","0","6"],["4.15","1608.945824","0","9"],["4.149","1655.705478","0","10"],["4.148","3515.140844","0","8"]],"instId":"DOT-USDT","ts":"1722883409109","seqId":4862244193}]}
{"arg":{"channel":"books5","instId":"DOT-USDT"},"data":[{"asks":[["4.154","350","0","3"],["4.155","417.074671","0","7"],["4.156","357.005953","0","5"],["4.157","2051.110975","0","7"],["4.158","2071.470629","0","6"]],"bids":[["4.152","250","0","2"],["4.151","411.348663","0","6"],["4.15","1608.945824","0","9"],["4.149","489.796377","0","9"],["4.148","5030.551061","0","9"]],"instId":"DOT-USDT","ts":"1722883409209","seqId":4862244237}]}
{"arg":{"channel":"books5","instId":"DOT-USDT"},"data":[{"asks":[["4.154","350","0","3"],["4.155","392.482759","0","6"],["4.156","357.005953","0","5"],["4.157","2051.110975","0","7"],["4.158","2021.470629","0","5"]],"bids":[["4.152","492.483998","0","5"],["4.151","438.182928","0","7"],["4.15","447.876239","0","8"],["4.149","489.796377","0","9"],["4.148","5030.551061","0","9"]],"instId":"DOT-USDT","ts":"1722883409309","seqId":4862244271}]}
{"arg":{"channel":"books5","instId":"DOT-USDT"},"data":[{"asks":[["4.154","250","0","2"],["4.155","573.537622","0","8"],["4.156","882.392977","0","6"],["4.157","2051.110975","0","7"],["4.158","1677.574721","0","4"]],"bids":[["4.152","356.852145","0","4"],["4.151","411.348663","0","6"],["4.15","447.876239","0","8"],["4.149","1669.761413","0","10"],["4.148","5030.551061","0","9"]],"instId":"DOT-USDT","ts":"1722883409409","seqId":4862244286}]}
{"arg":{"channel":"books5","instId":"DOT-USDT"},"data":[{"asks":[["4.154","250","0","2"],["4.155","1082.707617","0","9"],["4.156","882.392977","0","6"],["4.157","1372.807899","0","6"],["4.158","1677.574721","0","4"]],"bids":[["4.152","356.852145","0","4"],["4.151","411.348663","0","6"],["4.15","447.876239","0","8"],["4.149","1669.761413","0","10"],["4.148","5030.551061","0","9"]],"instId":"DOT-USDT","ts":"1722883409509","seqId":4862244290}]}
{"arg":{"channel":"books5","instId":"DOT-USDT"},"data":[{"asks":[["4.154","350","0","3"],["4.155","1082.707617","0","9"],["4.156","357.005953","0","5"],["4.157","1372.807899","0","6"],["4.158","1677.574721","0","4"]],"bids":[["4.152","421.423206","0","5"],["4.151","511.348663","0","7"],["4.15","447.876239","0","8"],["4.149","1669.761413","0","10"],["4.148","5030.551061","0","9"]],"instId":"DOT-USDT","ts":"1722883409609","seqId":4862244296}]}
{"arg":{"channel":"books5","instId":"DOT-USDT"},"data":[{"asks":[["4.154","350","0","3"],["4.155","417.074671","0","7"],["4.156","125.170359","0","4"],["4.157","1372.807899","0","6"],["4.158","1677.574721","0","4"]],"bids":[["4.152","421.423206","0","5"],["4.151","511.348663","0","7"],["4.15","447.876239","0","8"],["4.149","1669.761413","0","10"],["4.148","5030.551061","0","9"]],"instId":"DOT-USDT","ts":"1722883409709","seqId":4862244306}]}
{"arg":{"channel":"books5","instId":"DOT-USDT"},"data":[{"asks":[["4.153","225","0","2"],["4.154","374.591912","0","4"],["4.155","292.632759","0","6"],["4.156","357.005948","0","5"],["4.157","492.16337","0","5"]],"bids":[["4.151","570.828085","0","8"],["4.15","532.154461","0","8"],["4.149","1669.761413","0","10"],["4.148","2875.093537","0","7"],["4.147","3052.202057","0","10"]],"instId":"DOT-USDT","ts":"1722883409809","seqId":4862244374}]}
{"arg":{"channel":"books5","instId":"DOT-USDT"},"data":[{"asks":[["4.153","225","0","2"],["4.154","374.591912","0","4"],["4.155","511.221146","0","8"],["4.156","1380.84504","0","5"],["4.157","1819.672433","0","6"]],"bids":[["4.151","418.302138","0","6"],["4.15","402.379824","0","7"],["4.149","525.933347","0","10"],["4.148","2875.093537","0","7"],["4.147","5505.268581","0","12"]],"instId":"DOT-USDT","ts":"1722883409909","seqId":4862244418}]}
{"arg":{"channel":"books5","instId":"DOT-USDT"},"data":[{"asks":[["4.153","225","0","2"],["4.154","374.591912","0","4"],["4.155","511.221146","0","8"],["4.156","1380.84504","0","5"],["4.157","1819.672433","0","6"]],"bids":[["4.151","391.467873","0","5"],["4.15","429.214089","0","8"],["4.149","525.933347","0","10"],["4.148","4055.058573","0","8"],["4.147","5505.268581","0","12"]],"instId":"DOT-USDT","ts":"1722883410009","seqId":4862244425}]}
{"arg":{"channel":"books5","instId":"DOT-USDT"},"data":[{"asks":[["4.153","225","0","2"],["4.154","374.591912","0","4"],["4.155","511.221146","0","8"],["4.156","1380.84504","0","5"],["4.157","1819.672433","0","6"]],"bids":[["4.151","418.302138","0","6"],["4.15","402.379824","0","7"],["4.149","525.933347","0","10"],["4.148","4055.058573","0","8"],["4.147","5505.268581","0","12"]],"instId":"DOT-USDT","ts":"1722883410109","seqId":4862244427}]}
{"arg":{"channel":"books5","instId":"DOT-USDT"},"data":[{"asks":[["4.153","125","0","1"],["4.154","374.741912","0","5"],["4.155","511.221146","0","8"],["4.156","2448.716697","0","6"],["4.157","1819.672433","0","6"]],"bids":[["4.151","496.194388","0","7"],["4.15","402.379824","0","7"],["4.149","2178.984942","0","11"],["4.148","2539.648356","0","7"],["4.147","5505.268581","0","12"]],"instId":"DOT-USDT","ts":"1722883410209","seqId":4862244447}]}
{"arg":{"channel":"books5","instId":"DOT-USDT"},"data":[{"asks":[["4.153","125","0","1"],["4.154","374.741912","0","5"],["4.155","511.221146","0","8"],["4.156","2448.716697","0","6"],["4.157","1819.672433","0","6"]],"bids":[["4.152","250","0","2"],["4.151","496.194388","0","7"],["4.15","402.379824","0","7"],["4.149","2178.984942","0","11"],["4.148","2539.648356","0","7"]],"instId":"DOT-USDT","ts":"1722883410409","seqId":4862244449}]}
{"arg":{"channel":"books5","instId":"DOT-USDT"},"data":[{"asks":[["4.153","125","0","1"],["4.154","374.741912","0","5"],["4.155","452.774141","0","8"],["4.156","822.264373","0","5"],["4.157","2077.571999","0","6"]],"bids":[["4.151","496.194388","0","7"],["4.15","402.379824","0","7"],["4.149","2178.984942","0","11"],["4.148","2539.648356","0","7"],["4.147","5419.826137","0","12"]],"instId":"DOT-USDT","ts":"1722883410509","seqId":4862244473}]}
{"arg":{"channel":"books5","instId":"DOT-USDT"},"data":[{"asks":[["4.153","125","0","1"],["4.154","374.741912","0","5"],["4.155","452.774141","0","8"],["4.156","822.264373","0","5"],["4.157","2077.571999","0","6"]],"bids":[["4.151","496.194388","0","7"],["4.15","402.379824","0","7"],["4.149","2178.984942","0","11"],["4.148","1359.68332","0","6"],["4.147","5419.826137","0","12"]],"instId":"DOT-USDT","ts":"1722883410809","seqId":4862244479}]}
{"arg":{"channel":"books5","instId":"DOT-USDT"},"data":[{"asks":[["4.153","125","0","1"],["4.154","780.601726","0","6"],["4.155","1190.810126","0","9"],["4.156","822.264373","0","5"],["4.157","2077.571999","0","6"]],"bids":[["4.151","496.194388","0","7"],["4.15","402.379824","0","7"],["4.149","525.933347","0","10"],["4.148","1359.68332","0","6"],["4.147","5419.826137","0","12"]],"instId":"DOT-USDT","ts":"1722883410909","seqId":4862244516}]}
{"arg":{"channel":"books5","instId":"DOT-USDT"},"data":[{"asks":[["4.153","125","0","1"],["4.154","374.741912","0","5"],["4.155","1190.810126","0","9"],["4.156","822.264373","0","5"],["4.157","2077.571999","0","6"]],"bids":[["4.151","496.194388","0","7"],["4.15","402.379824","0","7"],["4.149","525.933347","0","10"],["4.148","1359.68332","0","6"],["4.147","5419.826137","0","12"]],"instId":"DOT-USDT","ts":"1722883411009","seqId":4862244528}]}
{"arg":{"channel":"books5","instId":"DOT-USDT"},"data":[{"asks":[["4.153","125","0","1"],["4.154","374.741912","0","5"],["4.155","1190.810126","0","9"],["4.156","822.264373","0","5"],["4.157","2077.571999","0","6"]],"bids":[["4.151","496.194388","0","7"],["4.15","402.379824","0","7"],["4.149","525.933347","0","10"],["4.148","2534.513002","0","7"],["4.147","5419.826137","0","12"]],"instId":"DOT-USDT","ts":"1722883411109","seqId":4862244530}]}
{"arg":{"channel":"books5","instId":"DOT-USDT"},"data":[{"asks":[["4.154","350","0","3"],["4.155","1215.402038","0","10"],["4.156","762.074172","0","4"],["4.157","737.902036","0","5"],["4.158","1951.953808","0","5"]],"bids":[["4.152","276.834265","0","3"],["4.151","550.497869","0","7"],["4.15","438.525494","0","8"],["4.149","1700.763029","0","11"],["4.148","3521.215453","0","8"]],"instId":"DOT-USDT","ts":"1722883411209","seqId":4862244573}]}
{"arg":{"channel":"books5","instId":"DOT-USDT"},"data":[{"asks":[["4.154","374.591912","0","4"],["4.155","1190.810126","0","9"],["4.156","762.074172","0","4"],["4.157","1630.294873","0","6"],["4.158","1951.953808","0","5"]],"bids":[["4.152","250","0","2"],["4.151","577.332134","0","8"],["4.15","438.525494","0","8"],["4.149","3555.449774","0","12"],["4.148","3501.135587","0","8"]],"instId":"DOT-USDT","ts":"1722883411309","seqId":4862244600}]}
{"arg":{"channel":"books5","instId":"DOT-USDT"},"data":[{"asks":[["4.153","350","0","3"],["4.154","374.591912","0","4"],["4.155","1090.810126","0","8"],["4.156","762.074172","0","4"],["4.157","2197.3866","0","6"]],"bids":[["4.151","1059.548997","0","8"],["4.15","1608.674244","0","8"],["4.149","1700.763029","0","11"],["4.148","1259.68332","0","5"],["4.147","5307.286788","0","12"]],"instId":"DOT-USDT","ts":"1722883411409","seqId":4862244638}]}
{"arg":{"channel":"books5","instId":"DOT-USDT"},"data":[{"asks":[["4.154","350","0","3"],["4.155","1215.402038","0","10"],["4.156","530.238583","0","3"],["4.157","737.902036","0","5"],["4.158","1939.889289","0","5"]],"bids":[["4.152","251.834265","0","3"],["4.151","1132.714732","0","8"],["4.15","1644.819914","0","9"],["4.149","1700.763029","0","11"],["4.148","3383.865852","0","7"]],"instId":"DOT-USDT","ts":"1722883411509","seqId":4862244676}]}
{"arg":{"channel":"books5","instId":"DOT-USDT"},"data":[{"asks":[["4.154","350","0","3"],["4.155","1215.402038","0","10"],["4.156","530.238583","0","3"],["4.157","737.902036","0","5"],["4.158","1939.889289","0","5"]],"bids":[["4.152","125","0","1"],["4.151","1132.714732","0","8"],["4.15","1644.819914","0","9"],["4.149","1700.763029","0","11"],["4.148","3383.865852","0","7"]],"instId":"DOT-USDT","ts":"1722883411609","seqId":4862244693}]}
{"arg":{"channel":"books5","instId":"DOT-USDT"},"data":[{"asks":[["4.154","350","0","3"],["4.155","1215.402038","0","10"],["4.156","762.074174","0","4"],["4.157","737.902036","0","5"],["4.158","1939.889289","0","5"]],"bids":[["4.152","125","0","1"],["4.151","577.196906","0","8"],["4.15","1644.819914","0","9"],["4.149","1700.763029","0","11"],["4.148","3383.865852","0","7"]],"instId":"DOT-USDT","ts":"1722883411709","seqId":4862244700}]}
{"arg":{"channel":"books5","instId":"DOT-USDT"},"data":[{"asks":[["4.154","374.591912","0","4"],["4.155","1190.810126","0","9"],["4.156","762.074174","0","4"],["4.157","737.902036","0","5"],["4.158","471.418163","0","4"]],"bids":[["4.152","125","0","1"],["4.151","577.196906","0","8"],["4.15","1644.819914","0","9"],["4.149","1700.763029","0","11"],["4.148","2450.779627","0","6"]],"instId":"DOT-USDT","ts":"1722883411809","seqId":4862244718}]}
{"arg":{"channel":"books5","instId":"DOT-USDT"},"data":[{"asks":[["4.153","350","0","3"],["4.154","374.591912","0","4"],["4.155","1090.810126","0","8"],["4.156","762.074174","0","4"],["4.157","1965.697471","0","6"]],"bids":[["4.151","338.284265","0","5"],["4.15","1025.074579","0","8"],["4.149","1700.763029","0","11"],["4.148","1259.68332","0","5"],["4.147","5207.358734","0","12"]],"instId":"DOT-USDT","ts":"1722883411909","seqId":4862244763}]}
{"arg":{"channel":"books5","instId":"DOT-USDT"},"data":[{"asks":[["4.153","225","0","2"],["4.154","374.591912","0","4"],["4.155","1090.810126","0","8"],["4.156","762.074174","0","4"],["4.157","1965.697471","0","6"]],"bids":[["4.152","125","0","1"],["4.151","338.284265","0","5"],["4.15","1061.220249","0","9"],["4.149","1694.117346","0","11"],["4.148","1259.68332","0","5"]],"instId":"DOT-USDT","ts":"1722883412009","seqId":4862244779}]}
{"arg":{"channel":"books5","instId":"DOT-USDT"},"data":[{"asks":[["4.154","374.591912","0","4"],["4.155","1090.810126","0","8"],["4.156","762.074174","0","4"],["4.157","737.902036","0","5"],["4.158","1817.44006","0","5"]],"bids":[["4.152","125","0","1"],["4.151","816.863704","0","6"],["4.15","1867.322813","0","10"],["4.149","1657.980376","0","10"],["4.148","3382.033319","0","7"]],"instId":"DOT-USDT","ts":"1722883412109","seqId":4862244816}]}
{"arg":{"channel":"books5","instId":"DOT-USDT"},"data":[{"asks":[["4.153","100","0","1"],["4.154","374.591912","0","4"],["4.155","1090.810126","0","8"],["4.156","762.074174","0","4"],["4.157","737.902036","0","5"]],"bids":[["4.152","125","0","1"],["4.151","1113.281465","0","7"],["4.15","1244.628058","0","9"],["4.149","1657.980376","0","10"],["4.148","2492.052811","0","6"]],"instId":"DOT-USDT","ts":"1722883412209","seqId":4862244860}]}
{"arg":{"channel":"books5","instId":"DOT-USDT"},"data":[{"asks":[["4.153","225","0","2"],["4.154","374.591912","0","4"],["4.155","1090.810126","0","8"],["4.156","762.074174","0","4"],["4.157","3020.826141","0","7"]],"bids":[["4.151","816.863704","0","6"],["4.15","1108.486738","0","7"],["4.149","1657.980376","0","10"],["4.148","2564.917538","0","6"],["4.147","4447.820807","0","11"]],"instId":"DOT-USDT","ts":"1722883412309","seqId":4862244881}]}
{"arg":{"channel":"books5","instId":"DOT-USDT"},"data":[{"asks":[["4.154","350","0","3"],["4.155","1090.810126","0","8"],["4.156","762.074174","0","4"],["4.157","737.902036","0","5"],["4.158","1961.571247","0","5"]],"bids":[["4.152","125","0","1"],["4.151","413.72964","0","6"],["4.15","1144.628058","0","8"],["4.149","1694.121696","0","11"],["4.148","4791.407429","0","8"]],"instId":"DOT-USDT","ts":"1722883412409","seqId":4862244920}]}
{"arg":{"channel":"books5","instId":"DOT-USDT"},"data":[{"asks":[["4.154","350","0","3"],["4.155","508.430503","0","9"],["4.156","336.68715","0","4"],["4.157","737.902036","0","5"],["4.158","1961.571247","0","5"]],"bids":[["4.152","125","0","1"],["4.151","413.72964","0","6"],["4.15","1144.628058","0","8"],["4.149","1694.121696","0","11"],["4.148","4791.407429","0","8"]],"instId":"DOT-USDT","ts":"1722883412509","seqId":4862244939}]}
{"arg":{"channel":"books5","instId":"DOT-USDT"},"data":[{"asks":[["4.154","374.591912","0","4"],["4.155","483.838591","0","8"],["4.156","336.68715","0","4"],["4.157","737.902036","0","5"],["4.158","1961.571247","0","5"]],"bids":[["4.152","125","0","1"],["4.151","413.72964","0","6"],["4.15","338.521144","0","7"],["4.149","525.937697","0","10"],["4.148","4791.407429","0","8"]],"instId":"DOT-USDT","ts":"1722883412609","seqId":4862244953}]}
{"arg":{"channel":"books5","instId":"DOT-USDT"},"data":[{"asks":[["4.153","350","0","3"],["4.154","374.591912","0","4"],["4.155","352.774141","0","7"],["4.156","236.68715","0","3"],["4.157","1968.032766","0","6"]],"bids":[["4.151","352.42964","0","5"],["4.15","302.379824","0","6"],["4.149","525.937697","0","10"],["4.148","2564.917538","0","6"],["4.147","5113.121966","0","12"]],"instId":"DOT-USDT","ts":"1722883412709","seqId":4862244994}]}
{"arg":{"channel":"books5","instId":"DOT-USDT"},"data":[{"asks":[["4.153","350","0","3"],["4.154","713.410572","0","6"],["4.155","1062.306315","0","8"],["4.156","236.68715","0","3"],["4.157","1968.032766","0","6"]],"bids":[["4.151","325.595375","0","4"],["4.15","329.214089","0","7"],["4.149","453.937697","0","9"],["4.148","2564.917538","0","6"],["4.147","5919.228883","0","12"]],"instId":"DOT-USDT","ts":"1722883412909","seqId":4862245030}]}
{"arg":{"channel":"books5","instId":"DOT-USDT"},"data":[{"asks":[["4.153","350","0","3"],["4.154","713.410572","0","6"],["4.155","352.774141","0","7"],["4.156","236.68715","0","3"],["4.157","1968.032766","0","6"]],"bids":[["4.151","325.595375","0","4"],["4.15","329.214089","0","7"],["4.149","453.937697","0","9"],["4.148","2564.917538","0","6"],["4.147","5919.228883","0","12"]],"instId":"DOT-USDT","ts":"1722883413009","seqId":4862245077}]}
{"arg":{"channel":"books5","instId":"DOT-USDT"},"data":[{"asks":[["4.153","350","0","3"],["4.154","713.410572","0","6"],["4.155","352.774141","0","7"],["4.156","236.68715","0","3"],["4.157","1968.032766","0","6"]],"bids":[["4.151","352.42964","0","5"],["4.15","302.379824","0","6"],["4.149","453.937697","0","9"],["4.148","2564.917538","0","6"],["4.147","5919.228883","0","12"]],"instId":"DOT-USDT","ts":"1722883413109","seqId":4862245081}]}
{"arg":{"channel":"books5","instId":"DOT-USDT"},"data":[{"asks":[["4.153","374.591912","0","4"],["4.154","125.15","0","2"],["4.155","352.774141","0","7"],["4.156","236.68715","0","3"],["4.157","1603.651717","0","5"]],"bids":[["4.151","200.595375","0","3"],["4.15","329.214089","0","7"],["4.149","1520.730781","0","10"],["4.148","2564.917538","0","6"],["4.147","4543.377234","0","11"]],"instId":"DOT-USDT","ts":"1722883413309","seqId":4862245150}]}
{"arg":{"channel":"books5","instId":"DOT-USDT"},"data":[{"asks":[["4.153","350","0","3"],["4.154","149.741912","0","3"],["4.155","352.774141","0","7"],["4.156","236.68715","0","3"],["4.157","1603.651717","0","5"]],"bids":[["4.151","200.595375","0","3"],["4.15","329.214089","0","7"],["4.149","1520.730781","0","10"],["4.148","2564.917538","0","6"],["4.147","4543.377234","0","11"]],"instId":"DOT-USDT","ts":"1722883413409","seqId":4862245153}]}
{"arg":{"channel":"books5","instId":"DOT-USDT"},"data":[{"asks":[["4.152","225","0","2"],["4.153","374.591912","0","4"],["4.154","125.15","0","2"],["4.155","352.774141","0","7"],["4.156","236.68715","0","3"]],"bids":[["4.15","329.214089","0","7"],["4.149","1520.730781","0","10"],["4.148","2564.917538","0","6"],["4.147","3568.660182","0","10"],["4.146","3846.355338","0","11"]],"instId":"DOT-USDT","ts":"1722883413509","seqId":4862245190}]}
{"arg":{"channel":"books5","instId":"DOT-USDT"},"data":[{"asks":[["4.152","225","0","2"],["4.153","374.591912","0","4"],["4.154","125.15","0","2"],["4.155","352.774141","0","7"],["4.156","4.851559","0","2"]],"bids":[["4.151","125","0","1"],["4.15","573.257642","0","9"],["4.149","1641.188033","0","11"],["4.148","1259.68332","0","5"],["4.147","4960.409237","0","11"]],"instId":"DOT-USDT","ts":"1722883413609","seqId":4862245270}]}
{"arg":{"channel":"books5","instId":"DOT-USDT"},"data":[{"asks":[["4.153","374.591912","0","4"],["4.154","566.117685","0","3"],["4.155","352.774141","0","7"],["4.156","4.851559","0","2"],["4.157","2948.797338","0","6"]],"bids":[["4.151","125","0","1"],["4.15","573.257642","0","9"],["4.149","1641.188033","0","11"],["4.148","1259.68332","0","5"],["4.147","5651.101794","0","12"]],"instId":"DOT-USDT","ts":"1722883413709","seqId":4862245313}]}
{"arg":{"channel":"books5","instId":"DOT-USDT"},"data":[{"asks":[["4.153","350","0","3"],["4.154","590.709597","0","4"],["4.155","352.774141","0","7"],["4.156","1971.780969","0","3"],["4.157","1531.760972","0","5"]],"bids":[["4.151","257.818141","0","3"],["4.15","573.257642","0","9"],["4.149","1641.188033","0","11"],["4.148","1259.68332","0","5"],["4.147","5651.101794","0","12"]],"instId":"DOT-USDT","ts":"1722883413909","seqId":4862245323}]}
{"arg":{"channel":"books5","instId":"DOT-USDT"},"data":[{"asks":[["4.153","350","0","3"],["4.154","590.709597","0","4"],["4.155","904.493579","0","8"],["4.156","1971.780969","0","3"],["4.157","1531.760972","0","5"]],"bids":[["4.151","257.818141","0","3"],["4.15","573.257642","0","9"],["4.149","1641.188033","0","11"],["4.148","2407.951042","0","6"],["4.147","5651.101794","0","12"]],"instId":"DOT-USDT","ts":"1722883414009","seqId":4862245325}]}
{"arg":{"channel":"books5","instId":"DOT-USDT"},"data":[{"asks":[["4.153","350","0","3"],["4.154","590.709597","0","4"],["4.155","352.774141","0","7"],["4.156","4.851559","0","2"],["4.157","3097.20946","0","6"]],"bids":[["4.151","322.503246","0","4"],["4.15","546.423377","0","8"],["4.149","1641.188033","0","11"],["4.148","2407.951042","0","6"],["4.147","5651.101794","0","12"]],"instId":"DOT-USDT","ts":"1722883414109","seqId":4862245330}]}
{"arg":{"channel":"books5","instId":"DOT-USDT"},"data":[{"asks":[["4.153","250","0","2"],["4.154","590.709597","0","4"],["4.155","352.774141","0","7"],["4.156","148.257324","0","3"],["4.157","3097.20946","0","6"]],"bids":[["4.151","349.337511","0","5"],["4.15","546.423377","0","8"],["4.149","1641.188033","0","11"],["4.148","2407.951042","0","6"],["4.147","5651.101794","0","12"]],"instId":"DOT-USDT","ts":"1722883414209","seqId":4862245338}]}
{"arg":{"channel":"books5","instId":"DOT-USDT"},"data":[{"asks":[["4.153","274.591912","0","3"],["4.154","558.63099","0","3"],["4.155","352.774141","0","7"],["4.156","1438.006283","0","4"],["4.157","2006.948474","0","6"]],"bids":[["4.15","148.340561","0","3"],["4.149","1641.188033","0","11"],["4.148","2599.115095","0","5"],["4.147","4261.348311","0","11"],["4.146","2377.821729","0","9"]],"instId":"DOT-USDT","ts":"1722883414309","seqId":4862245387}]}
{"arg":{"channel":"books5","instId":"DOT-USDT"},"data":[{"asks":[["4.152","250","0","2"],["4.153","651.529817","0","6"],["4.154","491.320061","0","4"],["4.155","244.812157","0","5"],["4.156","128.387105","0","4"]],"bids":[["4.149","407.455473","0","7"],["4.148","266.29948","0","4"],["4.147","4218.146458","0","12"],["4.146","2195.061296","0","8"],["4.145","870.463893","0","9"]],"instId":"DOT-USDT","ts":"1722883414409","seqId":4862245497}]}
{"arg":{"channel":"books5","instId":"DOT-USDT"},"data":[{"asks":[["4.151","125","0","1"],["4.152","274.591912","0","3"],["4.153","908.37634","0","6"],["4.154","478.9858","0","4"],["4.155","186.6","0","4"]],"bids":[["4.15","4.701559","0","1"],["4.149","285.134361","0","5"],["4.148","402.900155","0","7"],["4.147","2844.757648","0","11"],["4.146","4920.849853","0","10"]],"instId":"DOT-USDT","ts":"1722883414509","seqId":4862245590}]}
{"arg":{"channel":"books5","instId":"DOT-USDT"},"data":[{"asks":[["4.151","149.591912","0","2"],["4.152","250","0","2"],["4.153","183.362157","0","3"],["4.154","279.370017","0","4"],["4.155","738.319438","0","5"]],"bids":[["4.15","250","0","2"],["4.149","311.300096","0","4"],["4.148","891.824398","0","9"],["4.147","1101.780239","0","8"],["4.146","4191.40283","0","9"]],"instId":"DOT-USDT","ts":"1722883414609","seqId":4862245718}]}
{"arg":{"channel":"books5","instId":"DOT-USDT"},"data":[{"asks":[["4.152","250","0","2"],["4.153","183.362157","0","3"],["4.154","279.370017","0","4"],["4.155","2494.33077","0","6"],["4.156","1768.105675","0","5"]],"bids":[["4.15","125","0","1"],["4.149","311.300096","0","4"],["4.148","166.777462","0","5"],["4.147","1101.780239","0","8"],["4.146","4358.193222","0","10"]],"instId":"DOT-USDT","ts":"1722883414709","seqId":4862245764}]}
{"arg":{"channel":"books5","instId":"DOT-USDT"},"data":[{"asks":[["4.152","274.591912","0","3"],["4.153","183.362157","0","3"],["4.154","279.370017","0","4"],["4.155","1942.611332","0","5"],["4.156","1768.105675","0","5"]],"bids":[["4.15","125","0","1"],["4.149","338.134361","0","5"],["4.148","895.336274","0","5"],["4.147","1101.780239","0","8"],["4.146","4358.193222","0","10"]],"instId":"DOT-USDT","ts":"1722883414809","seqId":4862245773}]}
{"arg":{"channel":"books5","instId":"DOT-USDT"},"data":[{"asks":[["4.153","380.624671","0","5"],["4.154","231.549415","0","3"],["4.155","186.6","0","4"],["4.156","483.927434","0","5"],["4.157","256.449135","0","5"]],"bids":[["4.151","250","0","2"],["4.15","535.079311","0","4"],["4.149","367.116277","0","6"],["4.148","472.627241","0","6"],["4.147","4450.084068","0","11"]],"instId":"DOT-USDT","ts":"1722883414909","seqId":4862245854}]}
{"arg":{"channel":"books5","instId":"DOT-USDT"},"data":[{"asks":[["4.152","100","0","1"],["4.153","380.624671","0","5"],["4.154","231.549415","0","3"],["4.155","267.831058","0","5"],["4.156","228.927434","0","4"]],"bids":[["4.151","250","0","2"],["4.15","561.913576","0","5"],["4.149","933.832725","0","7"],["4.148","472.627241","0","6"],["4.147","3450.714676","0","10"]],"instId":"DOT-USDT","ts":"1722883415009","seqId":4862245884}]}
{"arg":{"channel":"books5","instId":"DOT-USDT"},"data":[{"asks":[["4.153","356.032759","0","4"],["4.154","378.558612","0","5"],["4.155","267.831058","0","5"],["4.156","755.286452","0","5"],["4.157","1807.793392","0","7"]],"bids":[["4.151","430.720581","0","4"],["4.15","561.913576","0","5"],["4.149","933.832725","0","7"],["4.148","436.481571","0","5"],["4.147","4385.375131","0","10"]],"instId":"DOT-USDT","ts":"1722883415109","seqId":4862245908}]}
{"arg":{"channel":"books5","instId":"DOT-USDT"},"data":[{"asks":[["4.153","308.212157","0","3"],["4.154","426.379214","0","6"],["4.155","267.831058","0","5"],["4.156","755.286452","0","5"],["4.157","1807.793392","0","7"]],"bids":[["4.151","250","0","2"],["4.15","335.303998","0","4"],["4.149","729.04558","0","8"],["4.148","1529.967247","0","6"],["4.147","3291.889455","0","9"]],"instId":"DOT-USDT","ts":"1722883415209","seqId":4862245920}]}
{"arg":{"channel":"books5","instId":"DOT-USDT"},"data":[{"asks":[["4.153","332.804069","0","4"],["4.154","401.787302","0","5"],["4.155","267.831058","0","5"],["4.156","2191.51677","0","7"],["4.157","1807.793392","0","7"]],"bids":[["4.151","250","0","2"],["4.15","335.303998","0","4"],["4.149","729.04558","0","8"],["4.148","1529.967247","0","6"],["4.147","3291.889455","0","9"]],"instId":"DOT-USDT","ts":"1722883415309","seqId":4862245938}]}
{"arg":{"channel":"books5","instId":"DOT-USDT"},"data":[{"asks":[["4.153","332.804069","0","4"],["4.154","401.787302","0","5"],["4.155","267.831058","0","5"],["4.156","1665.157752","0","6"],["4.157","1807.793392","0","7"]],"bids":[["4.151","250","0","2"],["4.15","335.453998","0","5"],["4.149","729.19558","0","9"],["4.148","436.481571","0","5"],["4.147","4333.796544","0","10"]],"instId":"DOT-USDT","ts":"1722883415409","seqId":4862245962}]}
{"arg":{"channel":"books5","instId":"DOT-USDT"},"data":[{"asks":[["4.153","332.804069","0","4"],["4.154","1003.967111","0","6"],["4.155","794.190076","0","6"],["4.156","1665.157752","0","6"],["4.157","1736.812728","0","6"]],"bids":[["4.151","250","0","2"],["4.15","698.338035","0","6"],["4.149","729.19558","0","9"],["4.148","436.481571","0","5"],["4.147","3240.310868","0","9"]],"instId":"DOT-USDT","ts":"1722883415509","seqId":4862245974}]}
{"arg":{"channel":"books5","instId":"DOT-USDT"},"data":[{"asks":[["4.153","332.804069","0","4"],["4.154","401.787302","0","5"],["4.155","267.831058","0","5"],["4.156","1665.157752","0","6"],["4.157","2241.29004","0","7"]],"bids":[["4.151","125","0","1"],["4.15","758.549357","0","7"],["4.149","729.19558","0","9"],["4.148","436.481571","0","5"],["4.147","3218.583008","0","9"]],"instId":"DOT-USDT","ts":"1722883415609","seqId":4862246021}]}
{"arg":{"channel":"books5","instId":"DOT-USDT"},"data":[{"asks":[["4.152","100","0","1"],["4.153","408.212157","0","4"],["4.154","426.379214","0","6"],["4.155","267.831058","0","5"],["4.156","1665.157752","0","6"]],"bids":[["4.151","125","0","1"],["4.15","758.549357","0","7"],["4.149","629.19558","0","8"],["4.148","436.481571","0","5"],["4.147","3414.569006","0","9"]],"instId":"DOT-USDT","ts":"1722883415709","seqId":4862246037}]}
{"arg":{"channel":"books5","instId":"DOT-USDT"},"data":[{"asks":[["4.153","432.804069","0","5"],["4.154","401.787302","0","5"],["4.155","794.190076","0","6"],["4.156","1665.157752","0","6"],["4.157","2241.29004","0","7"]],"bids":[["4.151","125","0","1"],["4.15","633.54935","0","7"],["4.149","629.19558","0","8"],["4.148","436.481571","0","5"],["4.147","3414.569006","0","9"]],"instId":"DOT-USDT","ts":"1722883415809","seqId":4862246053}]}
{"arg":{"channel":"books5","instId":"DOT-USDT"},"data":[{"asks":[["4.153","432.804069","0","5"],["4.154","1017.053091","0","6"],["4.155","794.190076","0","6"],["4.156","1665.157752","0","6"],["4.157","1736.812728","0","6"]],"bids":[["4.151","125","0","1"],["4.15","633.54935","0","7"],["4.149","629.19558","0","8"],["4.148","436.481571","0","5"],["4.147","4414.157327","0","10"]],"instId":"DOT-USDT","ts":"1722883415909","seqId":4862246066}]}
{"arg":{"channel":"books5","instId":"DOT-USDT"},"data":[{"asks":[["4.153","432.804069","0","5"],["4.154","1017.053091","0","6"],["4.155","267.831058","0","5"],["4.156","1665.157752","0","6"],["4.157","1736.812728","0","6"]],"bids":[["4.151","125","0","1"],["4.15","633.54935","0","7"],["4.149","629.19558","0","8"],["4.148","436.481571","0","5"],["4.147","3320.671651","0","9"]],"instId":"DOT-USDT","ts":"1722883416009","seqId":4862246071}]}
{"arg":{"channel":"books5","instId":"DOT-USDT"},"data":[{"asks":[["4.151","161.27758","0","2"],["4.152","374.591912","0","4"],["4.153","596.022649","0","7"],["4.154","291.768612","0","4"],["4.155","1392.61522","0","4"]],"bids":[["4.149","26.834361","0","2"],["4.148","362.608852","0","4"],["4.147","213.667831","0","4"],["4.146","2822.681045","0","7"],["4.145","3793.534015","0","11"]],"instId":"DOT-USDT","ts":"1722883416109","seqId":4862246169}]}
{"arg":{"channel":"books5","instId":"DOT-USDT"},"data":[{"asks":[["4.151","386.27758","0","4"],["4.152","815.218965","0","5"],["4.153","431.191528","0","6"],["4.154","291.768612","0","4"],["4.155","1392.61522","0","4"]],"bids":[["4.149","250.000096","0","3"],["4.148","186.3","0","2"],["4.147","192.681494","0","4"],["4.146","2800.303687","0","10"],["4.145","3907.637662","0","11"]],"instId":"DOT-USDT","ts":"1722883416209","seqId":4862246228}]}
{"arg":{"channel":"books5","instId":"DOT-USDT"},"data":[{"asks":[["4.151","410.869492","0","5"],["4.152","790.627053","0","4"],["4.153","431.191528","0","6"],["4.154","604.855351","0","5"],["4.155","2368.364647","0","5"]],"bids":[["4.149","250.000096","0","3"],["4.148","186.3","0","2"],["4.147","957.54014","0","6"],["4.146","3686.092578","0","11"],["4.145","2994.827918","0","10"]],"instId":"DOT-USDT","ts":"1722883416309","seqId":4862246268}]}
{"arg":{"channel":"books5","instId":"DOT-USDT"},"data":[{"asks":[["4.15","250","0","2"],["4.151","410.869492","0","5"],["4.152","725.868016","0","4"],["4.153","431.191528","0","6"],["4.154","604.855351","0","5"]],"bids":[["4.149","250.000096","0","3"],["4.148","213.134265","0","3"],["4.147","1390.664022","0","6"],["4.146","1441.010383","0","8"],["4.145","2944.827918","0","9"]],"instId":"DOT-USDT","ts":"1722883416409","seqId":4862246293}]}
{"arg":{"channel":"books5","instId":"DOT-USDT"},"data":[{"asks":[["4.151","350","0","3"],["4.152","551.181913","0","4"],["4.153","371.322649","0","7"],["4.154","604.855351","0","5"],["4.155","2368.364647","0","5"]],"bids":[["4.149","250.000096","0","3"],["4.148","493.818883","0","3"],["4.147","1359.658984","0","8"],["4.146","1441.160383","0","9"],["4.145","3922.929126","0","10"]],"instId":"DOT-USDT","ts":"1722883416509","seqId":4862246351}]}
{"arg":{"channel":"books5","instId":"DOT-USDT"},"data":[{"asks":[["4.15","250","0","2"],["4.151","374.741912","0","5"],["4.152","551.181913","0","4"],["4.153","371.322649","0","7"],["4.154","1978.575296","0","6"]],"bids":[["4.149","0.000096","0","1"],["4.148","125","0","1"],["4.147","1056.588643","0","8"],["4.146","1441.160383","0","9"],["4.145","1557.941488","0","8"]],"instId":"DOT-USDT","ts":"1722883416609","seqId":4862246411}]}
{"arg":{"channel":"books5","instId":"DOT-USDT"},"data":[{"asks":[["4.15","250","0","2"],["4.151","374.741912","0","5"],["4.152","490.94095","0","3"],["4.153","371.322649","0","7"],["4.154","2038.729957","0","7"]],"bids":[["4.149","250.000096","0","3"],["4.148","151.834265","0","2"],["4.147","1090.00861","0","8"],["4.146","1441.160383","0","9"],["4.145","1557.941488","0","8"]],"instId":"DOT-USDT","ts":"1722883416709","seqId":4862246425}]}
{"arg":{"channel":"books5","instId":"DOT-USDT"},"data":[{"asks":[["4.151","374.591912","0","4"],["4.152","490.94095","0","3"],["4.153","371.322649","0","7"],["4.154","351.923273","0","5"],["4.155","2354.753422","0","5"]],"bids":[["4.149","250.000096","0","3"],["4.148","151.834265","0","2"],["4.147","1090.00861","0","8"],["4.146","1441.160383","0","9"],["4.145","3920.863777","0","10"]],"instId":"DOT-USDT","ts":"1722883416809","seqId":4862246452}]}
{"arg":{"channel":"books5","instId":"DOT-USDT"},"data":[{"asks":[["4.151","374.591912","0","4"],["4.152","490.94095","0","3"],["4.153","471.322649","0","8"],["4.154","351.923273","0","5"],["4.155","2354.753422","0","5"]],"bids":[["4.149","317.799966","0","4"],["4.148","534.986091","0","5"],["4.147","1090.15861","0","9"],["4.146","1441.160383","0","9"],["4.145","3920.863777","0","10"]],"instId":"DOT-USDT","ts":"1722883416909","seqId":4862246467}]}
{"arg":{"channel":"books5","instId":"DOT-USDT"},"data":[{"asks":[["4.15","350","0","3"],["4.151","374.591912","0","4"],["4.152","490.94095","0","3"],["4.153","371.322649","0","7"],["4.154","1769.150358","0","6"]],"bids":[["4.149","80.01797","0","2"],["4.148","434.986091","0","4"],["4.147","1090.15861","0","9"],["4.146","1441.160383","0","9"],["4.145","1557.941488","0","8"]],"instId":"DOT-USDT","ts":"1722883417009","seqId":4862246507}]}
{"arg":{"channel":"books5","instId":"DOT-USDT"},"data":[{"asks":[["4.15","350","0","3"],["4.151","531.029414","0","5"],["4.152","490.94095","0","3"],["4.153","371.322649","0","7"],["4.154","1769.150358","0","6"]],"bids":[["4.149","0.000096","0","1"],["4.148","125","0","1"],["4.147","252.935726","0","5"],["4.146","1332.847306","0","8"],["4.145","1557.941488","0","8"]],"instId":"DOT-USDT","ts":"1722883417109","seqId":4862246540}]}
{"arg":{"channel":"books5","instId":"DOT-USDT"},"data":[{"asks":[["4.15","350","0","3"],["4.151","374.591912","0","4"],["4.152","490.94095","0","3"],["4.153","371.322649","0","7"],["4.154","1769.150358","0","6"]],"bids":[["4.149","0.000096","0","1"],["4.148","125","0","1"],["4.147","324.935726","0","6"],["4.146","1421.110276","0","6"],["4.145","1810.951823","0","8"]],"instId":"DOT-USDT","ts":"1722883417209","seqId":4862246569}]}
{"arg":{"channel":"books5","instId":"DOT-USDT"},"data":[{"asks":[["4.15","374.591912","0","4"],["4.151","506.437504","0","4"],["4.152","490.94095","0","3"],["4.153","371.322649","0","7"],["4.154","1769.150358","0","6"]],"bids":[["4.149","0.000096","0","1"],["4.148","125","0","1"],["4.147","264.681494","0","5"],["4.146","1372.537341","0","8"],["4.145","1810.951823","0","8"]],"instId":"DOT-USDT","ts":"1722883417309","seqId":4862246579}]}
{"arg":{"channel":"books5","instId":"DOT-USDT"},"data":[{"asks":[["4.15","374.591912","0","4"],["4.151","506.437504","0","4"],["4.152","490.94095","0","3"],["4.153","1125.036441","0","8"],["4.154","1769.150358","0","6"]],"bids":[["4.149","0.000096","0","1"],["4.148","350.985523","0","2"],["4.147","264.681494","0","5"],["4.146","1372.537341","0","8"],["4.145","1810.951823","0","8"]],"instId":"DOT-USDT","ts":"1722883417409","seqId":4862246592}]}
{"arg":{"channel":"books5","instId":"DOT-USDT"},"data":[{"asks":[["4.151","374.591912","0","4"],["4.152","490.94095","0","3"],["4.153","371.322649","0","7"],["4.154","351.923273","0","5"],["4.155","2943.436763","0","7"]],"bids":[["4.149","367.238466","0","4"],["4.148","446.435804","0","3"],["4.147","1201.691471","0","7"],["4.146","1413.920261","0","9"],["4.145","3997.266741","0","11"]],"instId":"DOT-USDT","ts":"1722883417509","seqId":4862246648}]}
{"arg":{"channel":"books5","instId":"DOT-USDT"},"data":[{"asks":[["4.151","374.591912","0","4"],["4.152","490.94095","0","3"],["4.153","371.322649","0","7"],["4.154","351.923273","0","5"],["4.155","2458.540002","0","6"]],"bids":[["4.149","367.238466","0","4"],["4.148","446.435804","0","3"],["4.147","1201.691471","0","7"],["4.146","1413.920261","0","9"],["4.145","3997.266741","0","11"]],"instId":"DOT-USDT","ts":"1722883417609","seqId":4862246663}]}
{"arg":{"channel":"books5","instId":"DOT-USDT"},"data":[{"asks":[["4.151","350","0","3"],["4.152","515.532862","0","4"],["4.153","371.322649","0","7"],["4.154","351.923273","0","5"],["4.155","2458.540002","0","6"]],"bids":[["4.149","381.665122","0","5"],["4.148","473.420069","0","5"],["4.147","1175.007206","0","7"],["4.146","1413.920261","0","9"],["4.145","4969.665375","0","12"]],"instId":"DOT-USDT","ts":"1722883417709","seqId":4862246700}]}
{"arg":{"channel":"books5","instId":"DOT-USDT"},"data":[{"asks":[["4.151","125","0","1"],["4.152","249.591912","0","3"],["4.153","521.065514","0","8"],["4.154","291.768612","0","4"],["4.155","1208.966428","0","5"]],"bids":[["4.149","603.103252","0","8"],["4.148","542.991681","0","6"],["4.147","1175.007206","0","7"],["4.146","1413.920261","0","9"],["4.145","2783.500457","0","10"]],"instId":"DOT-USDT","ts":"1722883417809","seqId":4862246744}]}
{"arg":{"channel":"books5","instId":"DOT-USDT"},"data":[{"asks":[["4.151","350","0","3"],["4.152","249.591912","0","3"],["4.153","521.065514","0","8"],["4.154","291.768612","0","4"],["4.155","2500.36371","0","6"]],"bids":[["4.149","451.921634","0","6"],["4.148","506.824231","0","5"],["4.147","1175.007206","0","7"],["4.146","1413.920261","0","9"],["4.145","4140.221117","0","11"]],"instId":"DOT-USDT","ts":"1722883417909","seqId":4862246781}]}
{"arg":{"channel":"books5","instId":"DOT-USDT"},"data":[{"asks":[["4.151","350","0","3"],["4.152","249.591912","0","3"],["4.153","521.065514","0","8"],["4.154","291.768612","0","4"],["4.155","2245.36371","0","5"]],"bids":[["4.149","425.087369","0","5"],["4.148","533.658496","0","6"],["4.147","1175.007206","0","7"],["4.146","1413.920261","0","9"],["4.145","4140.221117","0","11"]],"instId":"DOT-USDT","ts":"1722883418009","seqId":4862246789}]}
{"arg":{"channel":"books5","instId":"DOT-USDT"},"data":[{"asks":[["4.151","250","0","2"],["4.152","249.741912","0","4"],["4.153","521.065514","0","8"],["4.154","291.768612","0","4"],["4.155","2245.36371","0","5"]],"bids":[["4.149","425.087369","0","5"],["4.148","533.658496","0","6"],["4.147","1175.007206","0","7"],["4.146","1413.920261","0","9"],["4.145","4140.221117","0","11"]],"instId":"DOT-USDT","ts":"1722883418109","seqId":4862246805}]}
{"arg":{"channel":"books5","instId":"DOT-USDT"},"data":[{"asks":[["4.152","249.741912","0","4"],["4.153","521.065514","0","8"],["4.154","291.768612","0","4"],["4.155","2245.36371","0","5"],["4.156","2943.271475","0","9"]],"bids":[["4.15","125","0","1"],["4.149","451.921634","0","6"],["4.148","506.824231","0","5"],["4.147","1175.007206","0","7"],["4.146","1413.920261","0","9"]],"instId":"DOT-USDT","ts":"1722883418309","seqId":4862246810}]}
{"arg":{"channel":"books5","instId":"DOT-USDT"},"data":[{"asks":[["4.152","125","0","1"],["4.153","317.224671","0","7"],["4.154","231.549415","0","3"],["4.155","953.966428","0","4"],["4.156","2976.439669","0","8"]],"bids":[["4.15","449.311556","0","5"],["4.149","385.603418","0","6"],["4.148","598.814246","0","7"],["4.147","2698.074493","0","8"],["4.146","3495.753238","0","10"]],"instId":"DOT-USDT","ts":"1722883418409","seqId":4862246882}]}
{"arg":{"channel":"books5","instId":"DOT-USDT"},"data":[{"asks":[["4.152","125","0","1"],["4.153","183.362157","0","3"],["4.154","303.961929","0","5"],["4.155","125.3","0","3"],["4.156","355.570617","0","5"]],"bids":[["4.15","562.697491","0","7"],["4.149","445.97839","0","8"],["4.148","538.575819","0","6"],["4.147","2372.732108","0","8"],["4.146","2341.383795","0","9"]],"instId":"DOT-USDT","ts":"1722883418509","seqId":4862246985}]}
{"arg":{"channel":"books5","instId":"DOT-USDT"},"data":[{"asks":[["4.152","125","0","1"],["4.153","183.362157","0","3"],["4.154","303.961929","0","5"],["4.155","251.013278","0","4"],["4.156","1595.786589","0","5"]],"bids":[["4.15","509.869003","0","6"],["4.149","409.8153","0","7"],["4.148","538.575819","0","6"],["4.147","3338.258918","0","9"],["4.146","2341.383795","0","9"]],"instId":"DOT-USDT","ts":"1722883418609","seqId":4862247023}]}
{"arg":{"channel":"books5","instId":"DOT-USDT"},"data":[{"asks":[["4.152","125","0","1"],["4.153","332.954069","0","5"],["4.154","279.370017","0","4"],["4.155","600.196945","0","4"],["4.156","1683.512933","0","6"]],"bids":[["4.15","509.869003","0","6"],["4.149","409.8153","0","7"],["4.148","538.575819","0","6"],["4.147","1175.007206","0","7"],["4.146","3550.804514","0","10"]],"instId":"DOT-USDT","ts":"1722883418709","seqId":4862247084}]}
{"arg":{"channel":"books5","instId":"DOT-USDT"},"data":[{"asks":[["4.153","308.362157","0","4"],["4.154","303.961929","0","5"],["4.155","125.3","0","3"],["4.156","724.008651","0","6"],["4.157","1932.300549","0","6"]],"bids":[["4.151","354.264664","0","5"],["4.15","584.888625","0","5"],["4.149","445.97839","0","8"],["4.148","538.575819","0","6"],["4.147","3376.232956","0","9"]],"instId":"DOT-USDT","ts":"1722883418809","seqId":4862247149}]}
{"arg":{"channel":"books5","instId":"DOT-USDT"},"data":[{"asks":[["4.154","250","0","2"],["4.155","416.122118","0","8"],["4.156","274.740802","0","5"],["4.157","536.737508","0","5"],["4.158","2356.590713","0","5"]],"bids":[["4.152","250","0","2"],["4.151","460.781151","0","5"],["4.15","496.201715","0","6"],["4.149","446.12839","0","9"],["4.148","2937.403005","0","9"]],"instId":"DOT-USDT","ts":"1722883418909","seqId":4862247223}]}
{"arg":{"channel":"books5","instId":"DOT-USDT"},"data":[{"asks":[["4.154","250","0","2"],["4.155","355.924671","0","7"],["4.156","214.604712","0","4"],["4.157","281.737508","0","4"],["4.158","2222.430808","0","6"]],"bids":[["4.152","250","0","2"],["4.151","282.483646","0","5"],["4.15","481.317634","0","7"],["4.149","385.903418","0","8"],["4.148","2937.403005","0","9"]],"instId":"DOT-USDT","ts":"1722883419009","seqId":4862247254}]}
{"arg":{"channel":"books5","instId":"DOT-USDT"},"data":[{"asks":[["4.154","250","0","2"],["4.155","355.924671","0","7"],["4.156","214.604712","0","4"],["4.157","731.005357","0","5"],["4.158","2222.430808","0","6"]],"bids":[["4.152","356.852138","0","4"],["4.151","255.649381","0","4"],["4.15","537.144559","0","8"],["4.149","385.903418","0","8"],["4.148","2845.41299","0","7"]],"instId":"DOT-USDT","ts":"1722883419109","seqId":4862247266}]}
{"arg":{"channel":"books5","instId":"DOT-USDT"},"data":[{"asks":[["4.154","250","0","2"],["4.155","355.924671","0","7"],["4.156","214.604712","0","4"],["4.157","281.737508","0","4"],["4.158","2222.430808","0","6"]],"bids":[["4.152","356.852138","0","4"],["4.151","255.649381","0","4"],["4.15","537.144559","0","8"],["4.149","385.903418","0","8"],["4.148","2845.41299","0","7"]],"instId":"DOT-USDT","ts":"1722883419209","seqId":4862247278}]}
{"arg":{"channel":"books5","instId":"DOT-USDT"},"data":[{"asks":[["4.154","250","0","2"],["4.155","355.924671","0","7"],["4.156","214.604712","0","4"],["4.157","281.737508","0","4"],["4.158","2222.430808","0","6"]],"bids":[["4.152","356.852138","0","4"],["4.151","543.024586","0","5"],["4.15","537.144559","0","8"],["4.149","385.903418","0","8"],["4.148","2845.41299","0","7"]],"instId":"DOT-USDT","ts":"1722883419309","seqId":4862247291}]}
{"arg":{"channel":"books5","instId":"DOT-USDT"},"data":[{"asks":[["4.154","100","0","1"],["4.155","480.924671","0","8"],["4.156","274.787668","0","5"],["4.157","1843.035113","0","6"],["4.158","1933.613306","0","5"]],"bids":[["4.153","250","0","2"],["4.152","276.834265","0","3"],["4.151","454.161556","0","5"],["4.15","537.144559","0","8"],["4.149","3282.427067","0","11"]],"instId":"DOT-USDT","ts":"1722883419409","seqId":4862247381}]}
{"arg":{"channel":"books5","instId":"DOT-USDT"},"data":[{"asks":[["4.154","250","0","2"],["4.155","456.182759","0","6"],["4.156","299.37958","0","6"],["4.157","281.737508","0","4"],["4.158","2389.238058","0","6"]],"bids":[["4.152","250","0","2"],["4.151","418.024586","0","4"],["4.15","537.144559","0","8"],["4.149","2065.183976","0","11"],["4.148","3005.159422","0","7"]],"instId":"DOT-USDT","ts":"1722883419509","seqId":4862247447}]}
{"arg":{"channel":"books5","instId":"DOT-USDT"},"data":[{"asks":[["4.155","408.362157","0","5"],["4.156","287.017226","0","6"],["4.157","281.737508","0","4"],["4.158","591.189752","0","4"],["4.159","4495.310506","0","10"]],"bids":[["4.153","250","0","2"],["4.152","338.134265","0","4"],["4.151","289.080947","0","6"],["4.15","415.634928","0","6"],["4.149","4286.652095","0","13"]],"instId":"DOT-USDT","ts":"1722883419609","seqId":4862247514}]}
{"arg":{"channel":"books5","instId":"DOT-USDT"},"data":[{"asks":[["4.155","408.212157","0","4"],["4.156","287.017226","0","6"],["4.157","281.737508","0","4"],["4.158","591.189752","0","4"],["4.159","3996.042657","0","8"]],"bids":[["4.153","276.834265","0","3"],["4.152","311.3","0","3"],["4.151","289.080947","0","6"],["4.15","415.634928","0","6"],["4.149","3357.010395","0","12"]],"instId":"DOT-USDT","ts":"1722883419709","seqId":4862247527}]}
{"arg":{"channel":"books5","instId":"DOT-USDT"},"data":[{"asks":[["4.155","408.212157","0","4"],["4.156","112.847041","0","5"],["4.157","381.737508","0","5"],["4.158","591.189752","0","4"],["4.159","3996.042657","0","8"]],"bids":[["4.153","276.834265","0","3"],["4.152","311.3","0","3"],["4.151","289.080947","0","6"],["4.15","1313.908016","0","7"],["4.149","3357.010395","0","12"]],"instId":"DOT-USDT","ts":"1722883419809","seqId":4862247535}]}
{"arg":{"channel":"books5","instId":"DOT-USDT"},"data":[{"asks":[["4.155","308.212157","0","3"],["4.156","112.847041","0","5"],["4.157","381.737508","0","5"],["4.158","591.189752","0","4"],["4.159","3996.042657","0","8"]],"bids":[["4.153","505.223568","0","5"],["4.152","569.302716","0","4"],["4.151","336.901549","0","7"],["4.15","1313.908016","0","7"],["4.149","3357.010395","0","12"]],"instId":"DOT-USDT","ts":"1722883419909","seqId":4862247550}]}
{"arg":{"channel":"books5","instId":"DOT-USDT"},"data":[{"asks":[["4.155","125","0","1"],["4.156","213.105129","0","4"],["4.157","533.158278","0","8"],["4.158","591.189752","0","4"],["4.159","2691.583523","0","7"]],"bids":[["4.154","276.834265","0","3"],["4.153","465.91236","0","5"],["4.152","419.289686","0","4"],["4.151","337.051549","0","8"],["4.15","2464.336582","0","7"]],"instId":"DOT-USDT","ts":"1722883420109","seqId":4862247659}]}
{"arg":{"channel":"books5","instId":"DOT-USDT"},"data":[{"asks":[["4.155","350","0","3"],["4.156","213.105129","0","4"],["4.157","593.326749","0","9"],["4.158","591.189752","0","4"],["4.159","2408.313077","0","7"]],"bids":[["4.153","356.852142","0","4"],["4.152","383.152716","0","3"],["4.151","337.051549","0","8"],["4.15","1277.744926","0","6"],["4.149","3783.359431","0","12"]],"instId":"DOT-USDT","ts":"1722883420209","seqId":4862247712}]}
{"arg":{"channel":"books5","instId":"DOT-USDT"},"data":[{"asks":[["4.155","350","0","3"],["4.156","237.697041","0","5"],["4.157","568.734837","0","8"],["4.158","591.189752","0","4"],["4.159","2408.313077","0","7"]],"bids":[["4.153","356.852142","0","4"],["4.152","383.152716","0","3"],["4.151","337.051549","0","8"],["4.15","1277.744926","0","6"],["4.149","3783.359431","0","12"]],"instId":"DOT-USDT","ts":"1722883420309","seqId":4862247718}]}
{"arg":{"channel":"books5","instId":"DOT-USDT"},"data":[{"asks":[["4.155","350","0","3"],["4.156","237.697041","0","5"],["4.157","568.734837","0","8"],["4.158","1940.512326","0","5"],["4.159","2408.313077","0","7"]],"bids":[["4.153","356.852142","0","4"],["4.152","383.152716","0","3"],["4.151","337.051549","0","8"],["4.15","3950.202035","0","7"],["4.149","3783.359431","0","12"]],"instId":"DOT-USDT","ts":"1722883420509","seqId":4862247731}]}
{"arg":{"channel":"books5","instId":"DOT-USDT"},"data":[{"asks":[["4.155","250","0","2"],["4.156","237.697041","0","5"],["4.157","568.734837","0","8"],["4.158","1940.512326","0","5"],["4.159","2408.313077","0","7"]],"bids":[["4.153","356.852142","0","4"],["4.152","383.152716","0","3"],["4.151","337.051549","0","8"],["4.15","3950.202035","0","7"],["4.149","3783.359431","0","12"]],"instId":"DOT-USDT","ts":"1722883420609","seqId":4862247737}]}
{"arg":{"channel":"books5","instId":"DOT-USDT"},"data":[{"asks":[["4.155","250","0","2"],["4.156","337.697041","0","6"],["4.157","568.734837","0","8"],["4.158","2415.718117","0","6"],["4.159","2408.313077","0","7"]],"bids":[["4.153","451.933205","0","5"],["4.152","483.152716","0","4"],["4.151","337.051549","0","8"],["4.15","3950.202035","0","7"],["4.149","3783.359431","0","12"]],"instId":"DOT-USDT","ts":"1722883420809","seqId":4862247752}]}
{"arg":{"channel":"books5","instId":"DOT-USDT"},"data":[{"asks":[["4.155","250","0","2"],["4.156","302.114073","0","5"],["4.157","568.734837","0","8"],["4.158","1940.512326","0","5"],["4.159","2408.313077","0","7"]],"bids":[["4.153","451.933205","0","5"],["4.152","483.152716","0","4"],["4.151","337.051549","0","8"],["4.15","3950.202035","0","7"],["4.149","3783.359431","0","12"]],"instId":"DOT-USDT","ts":"1722883420909","seqId":4862247758}]}
{"arg":{"channel":"books5","instId":"DOT-USDT"},"data":[{"asks":[["4.155","250","0","2"],["4.156","302.114073","0","5"],["4.157","568.734837","0","8"],["4.158","2435.174434","0","6"],["4.159","2408.313077","0","7"]],"bids":[["4.153","451.933205","0","5"],["4.152","483.152716","0","4"],["4.151","337.051549","0","8"],["4.15","3950.202035","0","7"],["4.149","3783.359431","0","12"]],"instId":"DOT-USDT","ts":"1722883421009","seqId":4862247759}]}
{"arg":{"channel":"books5","instId":"DOT-USDT"},"data":[{"asks":[["4.155","250","0","2"],["4.156","302.114073","0","5"],["4.157","568.734837","0","8"],["4.158","2435.174434","0","6"],["4.159","2408.313077","0","7"]],"bids":[["4.153","451.933205","0","5"],["4.152","1488.269743","0","5"],["4.151","1207.420983","0","9"],["4.15","379.471838","0","5"],["4.149","3783.359431","0","12"]],"instId":"DOT-USDT","ts":"1722883421109","seqId":4862247769}]}
{"arg":{"channel":"books5","instId":"DOT-USDT"},"data":[{"asks":[["4.155","250","0","2"],["4.156","302.114073","0","5"],["4.157","568.734837","0","8"],["4.158","1940.512326","0","5"],["4.159","2408.313077","0","7"]],"bids":[["4.153","131.199496","0","2"],["4.152","317.524865","0","5"],["4.151","337.051549","0","8"],["4.15","1249.841272","0","6"],["4.149","3783.359431","0","12"]],"instId":"DOT-USDT","ts":"1722883421209","seqId":4862247796}]}
{"arg":{"channel":"books5","instId":"DOT-USDT"},"data":[{"asks":[["4.155","250","0","2"],["4.156","302.264073","0","6"],["4.157","568.734837","0","8"],["4.158","591.189752","0","4"],["4.159","1130.285921","0","6"]],"bids":[["4.153","393.904222","0","3"],["4.152","979.943656","0","7"],["4.151","1635.66935","0","10"],["4.15","1249.841272","0","6"],["4.149","2371.040548","0","11"]],"instId":"DOT-USDT","ts":"1722883421309","seqId":4862247845}]}
{"arg":{"channel":"books5","instId":"DOT-USDT"},"data":[{"asks":[["4.155","250","0","2"],["4.156","302.264073","0","6"],["4.157","568.734837","0","8"],["4.158","1085.85186","0","5"],["4.159","1130.285921","0","6"]],"bids":[["4.153","420.738487","0","4"],["4.152","953.109391","0","6"],["4.151","1635.66935","0","10"],["4.15","1249.841272","0","6"],["4.149","2371.040548","0","11"]],"instId":"DOT-USDT","ts":"1722883421409","seqId":4862247850}]}
{"arg":{"channel":"books5","instId":"DOT-USDT"},"data":[{"asks":[["4.155","250","0","2"],["4.156","302.264073","0","6"],["4.157","568.734837","0","8"],["4.158","1924.081539","0","5"],["4.159","1624.948029","0","7"]],"bids":[["4.153","391.731835","0","4"],["4.152","953.109391","0","6"],["4.151","2506.038784","0","11"],["4.15","379.471838","0","5"],["4.149","2371.040548","0","11"]],"instId":"DOT-USDT","ts":"1722883421509","seqId":4862247866}]}
{"arg":{"channel":"books5","instId":"DOT-USDT"},"data":[{"asks":[["4.155","250","0","2"],["4.156","302.264073","0","6"],["4.157","568.734837","0","8"],["4.158","2418.743647","0","6"],["4.159","1130.285921","0","6"]],"bids":[["4.153","151.834265","0","2"],["4.152","186.45","0","3"],["4.151","1327.792685","0","10"],["4.15","379.471838","0","5"],["4.149","2371.040548","0","11"]],"instId":"DOT-USDT","ts":"1722883421609","seqId":4862247882}]}
{"arg":{"channel":"books5","instId":"DOT-USDT"},"data":[{"asks":[["4.155","250","0","2"],["4.156","302.264073","0","6"],["4.157","343.680628","0","6"],["4.158","591.189752","0","4"],["4.159","1130.285921","0","6"]],"bids":[["4.153","151.834265","0","2"],["4.152","186.45","0","3"],["4.151","457.423251","0","9"],["4.15","1249.841272","0","6"],["4.149","2371.040548","0","11"]],"instId":"DOT-USDT","ts":"1722883421709","seqId":4862247894}]}
{"arg":{"channel":"books5","instId":"DOT-USDT"},"data":[{"asks":[["4.155","250","0","2"],["4.156","302.264073","0","6"],["4.157","343.680628","0","6"],["4.158","591.189752","0","4"],["4.159","1624.948029","0","7"]],"bids":[["4.153","151.834265","0","2"],["4.152","286.45","0","4"],["4.151","457.423251","0","9"],["4.15","379.471838","0","5"],["4.149","2371.040548","0","11"]],"instId":"DOT-USDT","ts":"1722883421809","seqId":4862247903}]}
{"arg":{"channel":"books5","instId":"DOT-USDT"},"data":[{"asks":[["4.155","250","0","2"],["4.156","302.114073","0","5"],["4.157","343.680628","0","6"],["4.158","591.189752","0","4"],["4.159","1624.948029","0","7"]],"bids":[["4.153","501.001802","0","5"],["4.152","731.233114","0","6"],["4.151","1279.174674","0","10"],["4.15","379.471838","0","5"],["4.149","1474.243774","0","10"]],"instId":"DOT-USDT","ts":"1722883421909","seqId":4862247930}]}
{"arg":{"channel":"books5","instId":"DOT-USDT"},"data":[{"asks":[["4.155","350","0","3"],["4.156","302.264073","0","6"],["4.157","475.253059","0","6"],["4.158","591.189752","0","4"],["4.159","1624.948029","0","7"]],"bids":[["4.153","367.540376","0","4"],["4.152","1526.310945","0","6"],["4.151","1279.174674","0","10"],["4.15","379.471838","0","5"],["4.149","2361.793268","0","11"]],"instId":"DOT-USDT","ts":"1722883422009","seqId":4862247960}]}
{"arg":{"channel":"books5","instId":"DOT-USDT"},"data":[{"asks":[["4.155","350","0","3"],["4.156","302.264073","0","6"],["4.157","475.253059","0","6"],["4.158","591.189752","0","4"],["4.159","1130.285921","0","6"]],"bids":[["4.153","367.540376","0","4"],["4.152","695.104844","0","5"],["4.151","457.423251","0","9"],["4.15","379.471838","0","5"],["4.149","1474.243774","0","10"]],"instId":"DOT-USDT","ts":"1722883422109","seqId":4862247975}]}
{"arg":{"channel":"books5","instId":"DOT-USDT"},"data":[{"asks":[["4.155","350","0","3"],["4.156","302.264073","0","6"],["4.157","475.253059","0","6"],["4.158","1055.96954","0","5"],["4.159","1130.285921","0","6"]],"bids":[["4.153","367.540376","0","4"],["4.152","695.104844","0","5"],["4.151","457.423251","0","9"],["4.15","379.471838","0","5"],["4.149","3199.070617","0","12"]],"instId":"DOT-USDT","ts":"1722883422209","seqId":4862247985}]}
{"arg":{"channel":"books5","instId":"DOT-USDT"},"data":[{"asks":[["4.155","350","0","3"],["4.156","302.264073","0","6"],["4.157","475.253059","0","6"],["4.158","591.189752","0","4"],["4.159","2471.20174","0","7"]],"bids":[["4.153","367.540376","0","4"],["4.152","695.104844","0","5"],["4.151","457.423251","0","9"],["4.15","379.471838","0","5"],["4.149","4449.991607","0","13"]],"instId":"DOT-USDT","ts":"1722883422309","seqId":4862247996}]}
{"arg":{"channel":"books5","instId":"DOT-USDT"},"data":[{"asks":[["4.155","250","0","2"],["4.156","302.264073","0","6"],["4.157","475.253059","0","6"],["4.158","591.189752","0","4"],["4.159","2471.20174","0","7"]],"bids":[["4.153","367.540376","0","4"],["4.152","695.104844","0","5"],["4.151","457.423251","0","9"],["4.15","379.471838","0","5"],["4.149","4449.991607","0","13"]],"instId":"DOT-USDT","ts":"1722883422509","seqId":4862248001}]}
{"arg":{"channel":"books5","instId":"DOT-USDT"},"data":[{"asks":[["4.155","250","0","2"],["4.156","707.272948","0","6"],["4.157","575.253059","0","7"],["4.158","591.189752","0","4"],["4.159","2471.20174","0","7"]],"bids":[["4.152","729.911818","0","6"],["4.151","557.423251","0","10"],["4.15","379.471838","0","5"],["4.149","4449.991607","0","13"],["4.148","1436.212564","0","6"]],"instId":"DOT-USDT","ts":"1722883422609","seqId":4862248015}]}
{"arg":{"channel":"books5","instId":"DOT-USDT"},"data":[{"asks":[["4.153","250","0","2"],["4.154","350","0","3"],["4.155","149.591912","0","2"],["4.156","457.272955","0","5"],["4.157","303.792324","0","6"]],"bids":[["4.151","489.048844","0","10"],["4.15","415.600108","0","6"],["4.149","1135.507456","0","10"],["4.148","1962.680128","0","6"],["4.147","3756.918818","0","12"]],"instId":"DOT-USDT","ts":"1722883422709","seqId":4862248161}]}
{"arg":{"channel":"books5","instId":"DOT-USDT"},"data":[{"asks":[["4.154","374.591912","0","4"],["4.155","524.357967","0","2"],["4.156","357.272955","0","4"],["4.157","303.792324","0","6"],["4.158","531.081808","0","3"]],"bids":[["4.152","250","0","2"],["4.151","213.434265","0","5"],["4.15","1514.243958","0","12"],["4.149","1135.507456","0","10"],["4.148","1806.350021","0","6"]],"instId":"DOT-USDT","ts":"1722883422809","seqId":4862248283}]}
{"arg":{"channel":"books5","instId":"DOT-USDT"},"data":[{"asks":[["4.153","225","0","2"],["4.154","374.591912","0","4"],["4.155","524.507967","0","3"],["4.156","357.272955","0","4"],["4.157","1665.29718","0","7"]],"bids":[["4.152","250","0","2"],["4.151","213.434265","0","5"],["4.15","1514.243958","0","12"],["4.149","1957.258879","0","11"],["4.148","624.770248","0","5"]],"instId":"DOT-USDT","ts":"1722883422909","seqId":4862248348}]}
{"arg":{"channel":"books5","instId":"DOT-USDT"},"data":[{"asks":[["4.153","100","0","1"],["4.154","374.591912","0","4"],["4.155","190.990201","0","3"],["4.156","357.272955","0","4"],["4.157","1865.239926","0","8"]],"bids":[["4.152","250","0","2"],["4.151","213.434265","0","5"],["4.15","597.731489","0","10"],["4.149","1957.258879","0","11"],["4.148","1922.899517","0","6"]],"instId":"DOT-USDT","ts":"1722883423009","seqId":4862248379}]}
{"arg":{"channel":"books5","instId":"DOT-USDT"},"data":[{"asks":[["4.153","225","0","2"],["4.154","374.591912","0","4"],["4.155","190.990201","0","3"],["4.156","357.272955","0","4"],["4.157","1720.544899","0","8"]],"bids":[["4.151","213.434265","0","5"],["4.15","934.947955","0","10"],["4.149","1135.507456","0","10"],["4.148","1386.90136","0","6"],["4.147","4797.483907","0","11"]],"instId":"DOT-USDT","ts":"1722883423109","seqId":4862248422}]}
{"arg":{"channel":"books5","instId":"DOT-USDT"},"data":[{"asks":[["4.153","225","0","2"],["4.154","374.591912","0","4"],["4.155","190.990201","0","3"],["4.156","799.102121","0","5"],["4.157","1662.332742","0","7"]],"bids":[["4.151","213.434265","0","5"],["4.15","934.947955","0","10"],["4.149","1135.507456","0","10"],["4.148","1386.90136","0","6"],["4.147","4797.483907","0","11"]],"instId":"DOT-USDT","ts":"1722883423209","seqId":4862248424}]}
{"arg":{"channel":"books5","instId":"DOT-USDT"},"data":[{"asks":[["4.153","225","0","2"],["4.154","374.591912","0","4"],["4.155","246.444938","0","4"],["4.156","357.272955","0","4"],["4.157","2104.161908","0","8"]],"bids":[["4.151","213.434265","0","5"],["4.15","934.947955","0","10"],["4.149","1897.638568","0","11"],["4.148","624.770248","0","5"],["4.147","4797.483907","0","11"]],"instId":"DOT-USDT","ts":"1722883423309","seqId":4862248430}]}
{"arg":{"channel":"books5","instId":"DOT-USDT"},"data":[{"asks":[["4.153","225","0","2"],["4.154","374.591912","0","4"],["4.155","246.444938","0","4"],["4.156","357.272955","0","4"],["4.157","2104.161908","0","8"]],"bids":[["4.151","125.3","0","3"],["4.15","647.325284","0","12"],["4.149","385.868598","0","8"],["4.148","999.634771","0","6"],["4.147","4797.483907","0","11"]],"instId":"DOT-USDT","ts":"1722883423409","seqId":4862248463}]}
{"arg":{"channel":"books5","instId":"DOT-USDT"},"data":[{"asks":[["4.154","422.412514","0","5"],["4.155","246.444938","0","4"],["4.156","309.452353","0","3"],["4.157","402.017669","0","6"],["4.158","2066.897511","0","5"]],"bids":[["4.152","250","0","2"],["4.151","152.134265","0","4"],["4.15","656.636689","0","12"],["4.149","1147.99971","0","9"],["4.148","2401.892381","0","7"]],"instId":"DOT-USDT","ts":"1722883423509","seqId":4862248527}]}
{"arg":{"channel":"books5","instId":"DOT-USDT"},"data":[{"asks":[["4.154","397.820602","0","4"],["4.155","271.03685","0","5"],["4.156","309.452353","0","3"],["4.157","402.017669","0","6"],["4.158","2066.897511","0","5"]],"bids":[["4.152","250","0","2"],["4.151","152.134265","0","4"],["4.15","656.636689","0","12"],["4.149","1147.99971","0","9"],["4.148","3276.120128","0","8"]],"instId":"DOT-USDT","ts":"1722883423609","seqId":4862248538}]}
{"arg":{"channel":"books5","instId":"DOT-USDT"},"data":[{"asks":[["4.154","350","0","3"],["4.155","253.017251","0","5"],["4.156","309.452353","0","3"],["4.157","1632.506978","0","7"],["4.158","2066.897511","0","5"]],"bids":[["4.152","428.140947","0","5"],["4.151","810.925225","0","6"],["4.15","596.42591","0","11"],["4.149","2825.000974","0","9"],["4.148","3276.120128","0","8"]],"instId":"DOT-USDT","ts":"1722883423709","seqId":4862248573}]}
{"arg":{"channel":"books5","instId":"DOT-USDT"},"data":[{"asks":[["4.154","125","0","1"],["4.155","253.017251","0","5"],["4.156","409.452353","0","4"],["4.157","402.017669","0","6"],["4.158","786.081808","0","4"]],"bids":[["4.152","712.164523","0","7"],["4.151","810.925225","0","6"],["4.15","419.061074","0","8"],["4.149","2608.274688","0","10"],["4.148","1778.412237","0","6"]],"instId":"DOT-USDT","ts":"1722883423809","seqId":4862248623}]}
{"arg":{"channel":"books5","instId":"DOT-USDT"},"data":[{"asks":[["4.154","125","0","1"],["4.155","253.017251","0","5"],["4.156","409.452353","0","4"],["4.157","848.413735","0","7"],["4.158","786.081808","0","4"]],"bids":[["4.152","712.164523","0","7"],["4.151","810.925225","0","6"],["4.15","419.061074","0","8"],["4.149","2608.274688","0","10"],["4.148","1778.412237","0","6"]],"instId":"DOT-USDT","ts":"1722883424009","seqId":4862248633}]}
{"arg":{"channel":"books5","instId":"DOT-USDT"},"data":[{"asks":[["4.154","125","0","1"],["4.155","253.017251","0","5"],["4.156","409.452353","0","4"],["4.157","848.413735","0","7"],["4.158","786.081808","0","4"]],"bids":[["4.152","555.529845","0","7"],["4.151","810.925225","0","6"],["4.15","419.061074","0","8"],["4.149","2572.146418","0","9"],["4.148","1778.412237","0","6"]],"instId":"DOT-USDT","ts":"1722883424109","seqId":4862248638}]}
{"arg":{"channel":"books5","instId":"DOT-USDT"},"data":[{"asks":[["4.154","125","0","1"],["4.155","384.081701","0","6"],["4.156","409.452353","0","4"],["4.157","848.413735","0","7"],["4.158","2258.086892","0","5"]],"bids":[["4.152","276.834265","0","3"],["4.151","555.531447","0","7"],["4.15","419.061074","0","8"],["4.149","349.740328","0","7"],["4.148","3276.594578","0","7"]],"instId":"DOT-USDT","ts":"1722883424209","seqId":4862248671}]}
{"arg":{"channel":"books5","instId":"DOT-USDT"},"data":[{"asks":[["4.154","125","0","1"],["4.155","384.081701","0","6"],["4.156","409.452353","0","4"],["4.157","848.413735","0","7"],["4.158","2258.086892","0","5"]],"bids":[["4.152","276.834265","0","3"],["4.151","555.531447","0","7"],["4.15","419.061074","0","8"],["4.149","1116.124879","0","8"],["4.148","3276.594578","0","7"]],"instId":"DOT-USDT","ts":"1722883424309","seqId":4862248677}]}
{"arg":{"channel":"books5","instId":"DOT-USDT"},"data":[{"asks":[["4.154","125","0","1"],["4.155","384.081701","0","6"],["4.156","409.452353","0","4"],["4.157","402.017669","0","6"],["4.158","2258.086892","0","5"]],"bids":[["4.152","327.450276","0","4"],["4.151","555.531447","0","7"],["4.15","419.061074","0","8"],["4.149","1116.124879","0","8"],["4.148","3276.594578","0","7"]],"instId":"DOT-USDT","ts":"1722883424409","seqId":4862248684}]}
{"arg":{"channel":"books5","instId":"DOT-USDT"},"data":[{"asks":[["4.154","125","0","1"],["4.155","384.081701","0","6"],["4.156","409.452353","0","4"],["4.157","402.017669","0","6"],["4.158","2258.086892","0","5"]],"bids":[["4.152","300.616011","0","3"],["4.151","582.365712","0","8"],["4.15","419.061074","0","8"],["4.149","1116.124879","0","8"],["4.148","3276.594578","0","7"]],"instId":"DOT-USDT","ts":"1722883424509","seqId":4862248686}]}
{"arg":{"channel":"books5","instId":"DOT-USDT"},"data":[{"asks":[["4.153","250","0","2"],["4.154","249.591912","0","3"],["4.155","228.425339","0","4"],["4.156","309.452353","0","3"],["4.157","402.017669","0","6"]],"bids":[["4.151","647.207351","0","9"],["4.15","456.188569","0","8"],["4.149","385.877298","0","8"],["4.148","2402.366831","0","6"],["4.147","4434.568014","0","11"]],"instId":"DOT-USDT","ts":"1722883424609","seqId":4862248732}]}
{"arg":{"channel":"books5","instId":"DOT-USDT"},"data":[{"asks":[["4.153","250","0","2"],["4.154","249.591912","0","3"],["4.155","228.425339","0","4"],["4.156","309.452353","0","3"],["4.157","1974.757273","0","8"]],"bids":[["4.152","125","0","1"],["4.151","858.486491","0","10"],["4.15","492.325539","0","9"],["4.149","385.877298","0","8"],["4.148","2402.366831","0","6"]],"instId":"DOT-USDT","ts":"1722883424709","seqId":4862248750}]}
{"arg":{"channel":"books5","instId":"DOT-USDT"},"data":[{"asks":[["4.153","250","0","2"],["4.154","249.591912","0","3"],["4.155","228.425339","0","4"],["4.156","309.452353","0","3"],["4.157","1974.757273","0","8"]],"bids":[["4.151","652.367702","0","8"],["4.15","702.169193","0","12"],["4.149","385.877298","0","8"],["4.148","2402.366831","0","6"],["4.147","4434.568014","0","11"]],"instId":"DOT-USDT","ts":"1722883424809","seqId":4862248767}]}
{"arg":{"channel":"books5","instId":"DOT-USDT"},"data":[{"asks":[["4.153","274.591912","0","3"],["4.154","510.681679","0","4"],["4.155","309.802469","0","6"],["4.156","815.978559","0","5"],["4.157","3118.600283","0","8"]],"bids":[["4.151","475.599109","0","6"],["4.15","640.069193","0","11"],["4.149","385.877298","0","8"],["4.148","904.18449","0","5"],["4.147","6537.551769","0","13"]],"instId":"DOT-USDT","ts":"1722883424909","seqId":4862248813}]}
{"arg":{"channel":"books5","instId":"DOT-USDT"},"data":[{"asks":[["4.153","250","0","2"],["4.154","535.273591","0","5"],["4.155","309.802469","0","6"],["4.156","815.978559","0","5"],["4.157","3118.600283","0","8"]],"bids":[["4.151","396.819506","0","6"],["4.15","640.069193","0","11"],["4.149","385.877298","0","8"],["4.148","904.18449","0","5"],["4.147","6537.551769","0","13"]],"instId":"DOT-USDT","ts":"1722883425009","seqId":4862248820}]}
{"arg":{"channel":"books5","instId":"DOT-USDT"},"data":[{"asks":[["4.153","250","0","2"],["4.154","535.273591","0","5"],["4.155","309.802469","0","6"],["4.156","815.978559","0","5"],["4.157","3118.600283","0","8"]],"bids":[["4.151","250","0","2"],["4.15","533.312597","0","9"],["4.149","385.877298","0","8"],["4.148","1695.547364","0","7"],["4.147","5771.167218","0","12"]],"instId":"DOT-USDT","ts":"1722883425109","seqId":4862248833}]}
{"arg":{"channel":"books5","instId":"DOT-USDT"},"data":[{"asks":[["4.153","250","0","2"],["4.154","535.273591","0","5"],["4.155","309.802469","0","6"],["4.156","369.582493","0","4"],["4.157","3118.600283","0","8"]],"bids":[["4.151","250","0","2"],["4.15","533.312597","0","9"],["4.149","385.877298","0","8"],["4.148","1695.547364","0","7"],["4.147","5721.167218","0","11"]],"instId":"DOT-USDT","ts":"1722883425209","seqId":4862248837}]}
{"arg":{"channel":"books5","instId":"DOT-USDT"},"data":[{"asks":[["4.152","350","0","3"],["4.153","274.591912","0","3"],["4.154","385.681679","0","3"],["4.155","309.802469","0","6"],["4.156","448.476753","0","3"]],"bids":[["4.15","743.907976","0","8"],["4.149","827.576593","0","9"],["4.148","435.101795","0","5"],["4.147","2878.748507","0","7"],["4.146","2188.082037","0","7"]],"instId":"DOT-USDT","ts":"1722883425409","seqId":4862248906}]}
{"arg":{"channel":"books5","instId":"DOT-USDT"},"data":[{"asks":[["4.152","374.591912","0","4"],["4.153","375.187507","0","3"],["4.154","385.681679","0","3"],["4.155","813.573862","0","8"],["4.156","1194.938083","0","3"]],"bids":[["4.15","403.441042","0","5"],["4.149","479.468503","0","9"],["4.148","553.263239","0","7"],["4.147","3050.675583","0","9"],["4.146","2854.469359","0","7"]],"instId":"DOT-USDT","ts":"1722883425509","seqId":4862248935}]}
{"arg":{"channel":"books5","instId":"DOT-USDT"},"data":[{"asks":[["4.153","399.929419","0","5"],["4.154","385.681679","0","3"],["4.155","813.573862","0","8"],["4.156","1194.938083","0","3"],["4.157","596.905973","0","6"]],"bids":[["4.151","250","0","2"],["4.15","408.27382","0","6"],["4.149","1037.054112","0","9"],["4.148","553.263239","0","7"],["4.147","2307.133311","0","8"]],"instId":"DOT-USDT","ts":"1722883425609","seqId":4862248973}]}
