{"event":"subscribe","arg":{"channel":"books5","instId":"ETH-BTC"},"connId":"f47e6112"}
{"arg":{"channel":"books5","instId":"ETH-BTC"},"data":[{"asks":[["0.04485","0.754279","0","2"],["0.04486","5.71491","0","9"],["0.04487","9.582224","0","9"],["0.04488","12.447941","0","9"],["0.04489","7.026608","0","8"]],"bids":[["0.04484","2.734381","0","6"],["0.04483","4.737288","0","7"],["0.04482","2.591054","0","5"],["0.04481","15.836514","0","13"],["0.0448","5.240593","0","25"]],"instId":"ETH-BTC","ts":"1722884301606","seqId":1684049625}]}
{"arg":{"channel":"books5","instId":"ETH-BTC"},"data":[{"asks":[["0.04485","1.035479","0","3"],["0.04486","6.284874","0","10"],["0.04487","9.582224","0","9"],["0.04488","12.447941","0","9"],["0.04489","7.026608","0","8"]],"bids":[["0.04484","2.734381","0","6"],["0.04483","4.737288","0","7"],["0.04482","2.591054","0","5"],["0.04481","15.836514","0","13"],["0.0448","5.240593","0","25"]],"instId":"ETH-BTC","ts":"1722884301706","seqId":1684049627}]}
{"arg":{"channel":"books5","instId":"ETH-BTC"},"data":[{"asks":[["0.04485","1.035479","0","3"],["0.04486","6.284874","0","10"],["0.04487","9.582224","0","9"],["0.04488","12.447941","0","9"],["0.04489","6.729992","0","7"]],"bids":[["0.04484","2.734381","0","6"],["0.04483","4.737288","0","7"],["0.04482","2.591054","0","5"],["0.04481","15.836514","0","13"],["0.0448","5.240593","0","25"]],"instId":"ETH-BTC","ts":"1722884302006","seqId":1684049628}]}
{"arg":{"channel":"books5","instId":"ETH-BTC"},"data":[{"asks":[["0.04485","1.035479","0","3"],["0.04486","6.284874","0","10"],["0.04487","9.582224","0","9"],["0.04488","12.447941","0","9"],["0.04489","6.729992","0","7"]],"bids":[["0.04484","1.534381","0","5"],["0.04483","4.737288","0","7"],["0.04482","2.591054","0","5"],["0.04481","15.836514","0","13"],["0.0448","5.240593","0","25"]],"instId":"ETH-BTC","ts":"1722884302306","seqId":1684049629}]}
{"arg":{"channel":"books5","instId":"ETH-BTC"},"data":[{"asks":[["0.04485","0.754279","0","2"],["0.04486","4.98587","0","7"],["0.04487","8.619928","0","7"],["0.04488","12.447941","0","9"],["0.04489","6.729992","0","7"]],"bids":[["0.04484","2.361481","0","6"],["0.04483","4.737288","0","7"],["0.04482","2.591054","0","5"],["0.04481","15.836514","0","13"],["0.0448","5.519357","0","26"]],"instId":"ETH-BTC","ts":"1722884302506","seqId":1684049647}]}
{"arg":{"channel":"books5","instId":"ETH-BTC"},"data":[{"asks":[["0.04486","0.98587","0","6"],["0.04487","0.76619","0","5"],["0.04488","11.311579","0","7"],["0.04489","6.15175","0","7"],["0.0449","7.678537","0","6"]],"bids":[["0.04485","3.559173","0","6"],["0.04484","2.727004","0","6"],["0.04483","4.737288","0","7"],["0.04482","14.396189","0","8"],["0.04481","9.446186","0","11"]],"instId":"ETH-BTC","ts":"1722884302606","seqId":1684049709}]}
{"arg":{"channel":"books5","instId":"ETH-BTC"},"data":[{"asks":[["0.04486","0.851969","0","6"],["0.04487","7.542412","0","8"],["0.04488","10.609381","0","7"],["0.04489","5.577342","0","7"],["0.0449","8.862456","0","8"]],"bids":[["0.04485","3.559173","0","6"],["0.04484","2.891808","0","6"],["0.04483","4.572484","0","7"],["0.04482","14.396189","0","8"],["0.04481","9.446186","0","11"]],"instId":"ETH-BTC","ts":"1722884302706","seqId":1684049740}]}
{"arg":{"channel":"books5","instId":"ETH-BTC"},"data":[{"asks":[["0.04486","1.404279","0","8"],["0.04487","6.329347","0","5"],["0.04488","10.609381","0","7"],["0.04489","5.577342","0","7"],["0.0449","7.975153","0","7"]],"bids":[["0.04485","1.532073","0","4"],["0.04484","2.891808","0","6"],["0.04483","4.572484","0","7"],["0.04482","14.396189","0","8"],["0.04481","9.446186","0","11"]],"instId":"ETH-BTC","ts":"1722884302806","seqId":1684049751}]}
{"arg":{"channel":"books5","instId":"ETH-BTC"},"data":[{"asks":[["0.04486","1.404279","0","8"],["0.04487","6.329347","0","5"],["0.04488","10.091484","0","6"],["0.04489","5.26808","0","6"],["0.0449","7.975153","0","7"]],"bids":[["0.04485","1.532073","0","4"],["0.04484","2.891808","0","6"],["0.04483","4.572484","0","7"],["0.04482","14.396189","0","8"],["0.04481","12.443256","0","12"]],"instId":"ETH-BTC","ts":"1722884303006","seqId":1684049756}]}
{"arg":{"channel":"books5","instId":"ETH-BTC"},"data":[{"asks":[["0.04486","1.404279","0","8"],["0.04487","6.329347","0","5"],["0.04488","10.918584","0","7"],["0.04489","5.26808","0","6"],["0.0449","7.975153","0","7"]],"bids":[["0.04485","1.532073","0","4"],["0.04484","2.891808","0","6"],["0.04483","4.572484","0","7"],["0.04482","14.396189","0","8"],["0.04481","12.443256","0","12"]],"instId":"ETH-BTC","ts":"1722884303106","seqId":1684049759}]}
{"arg":{"channel":"books5","instId":"ETH-BTC"},"data":[{"asks":[["0.04486","1.404279","0","8"],["0.04487","7.423926","0","6"],["0.04488","10.918584","0","7"],["0.04489","5.26808","0","6"],["0.0449","7.975153","0","7"]],"bids":[["0.04485","1.250873","0","3"],["0.04484","2.891808","0","6"],["0.04483","4.437288","0","6"],["0.04482","14.531385","0","9"],["0.04481","12.443256","0","12"]],"instId":"ETH-BTC","ts":"1722884303206","seqId":1684049764}]}
{"arg":{"channel":"books5","instId":"ETH-BTC"},"data":[{"asks":[["0.04486","3.656684","0","11"],["0.04487","8.251026","0","7"],["0.04488","15.102657","0","8"],["0.04489","5.132884","0","5"],["0.0449","7.975153","0","7"]],"bids":[["0.04485","0.969673","0","2"],["0.04484","2.891808","0","6"],["0.04483","4.437288","0","6"],["0.04482","14.396189","0","8"],["0.04481","12.443256","0","12"]],"instId":"ETH-BTC","ts":"1722884303306","seqId":1684049775}]}
{"arg":{"channel":"books5","instId":"ETH-BTC"},"data":[{"asks":[["0.04486","1.839475","0","10"],["0.04487","8.251026","0","7"],["0.04488","15.102657","0","8"],["0.04489","5.132884","0","5"],["0.0449","7.975153","0","7"]],"bids":[["0.04485","0.969673","0","2"],["0.04484","2.891808","0","6"],["0.04483","4.437288","0","6"],["0.04482","14.396189","0","8"],["0.04481","12.578452","0","13"]],"instId":"ETH-BTC","ts":"1722884303406","seqId":1684049779}]}
{"arg":{"channel":"books5","instId":"ETH-BTC"},"data":[{"asks":[["0.04486","2.096096","0","11"],["0.04487","8.251026","0","7"],["0.04488","15.102657","0","8"],["0.04489","5.132884","0","5"],["0.0449","8.862657","0","8"]],"bids":[["0.04485","0.969673","0","2"],["0.04484","2.891808","0","6"],["0.04483","4.437288","0","6"],["0.04482","14.396189","0","8"],["0.04481","12.578452","0","13"]],"instId":"ETH-BTC","ts":"1722884303506","seqId":1684049783}]}
{"arg":{"channel":"books5","instId":"ETH-BTC"},"data":[{"asks":[["0.04486","2.633852","0","12"],["0.04487","8.551026","0","8"],["0.04488","15.102657","0","8"],["0.04489","5.132884","0","5"],["0.0449","8.284415","0","8"]],"bids":[["0.04485","0.969673","0","2"],["0.04484","2.891808","0","6"],["0.04483","4.437288","0","6"],["0.04482","14.396189","0","8"],["0.04481","12.578452","0","13"]],"instId":"ETH-BTC","ts":"1722884303606","seqId":1684049788}]}
{"arg":{"channel":"books5","instId":"ETH-BTC"},"data":[{"asks":[["0.04486","4.980252","0","14"],["0.04487","16.902897","0","10"],["0.04488","6.750803","0","6"],["0.04489","5.132884","0","5"],["0.0449","8.284415","0","8"]],"bids":[["0.04484","2.127401","0","5"],["0.04483","4.437288","0","6"],["0.04482","10.228408","0","7"],["0.04481","15.858729","0","13"],["0.0448","2.516007","0","23"]],"instId":"ETH-BTC","ts":"1722884303706","seqId":1684049807}]}
{"arg":{"channel":"books5","instId":"ETH-BTC"},"data":[{"asks":[["0.04485","0.728499","0","3"],["0.04486","4.025903","0","13"],["0.04487","16.602897","0","9"],["0.04488","6.750803","0","6"],["0.04489","5.132884","0","5"]],"bids":[["0.04484","2.734381","0","6"],["0.04483","4.437288","0","6"],["0.04482","10.00447","0","7"],["0.04481","15.858729","0","13"],["0.0448","2.516007","0","23"]],"instId":"ETH-BTC","ts":"1722884303806","seqId":1684049824}]}
{"arg":{"channel":"books5","instId":"ETH-BTC"},"data":[{"asks":[["0.04485","0.728499","0","3"],["0.04486","4.025903","0","13"],["0.04487","16.602897","0","9"],["0.04488","6.750803","0","6"],["0.04489","6.020388","0","6"]],"bids":[["0.04484","2.734381","0","6"],["0.04483","4.437288","0","6"],["0.04482","10.00447","0","7"],["0.04481","15.858729","0","13"],["0.0448","2.516007","0","23"]],"instId":"ETH-BTC","ts":"1722884303906","seqId":1684049827}]}
{"arg":{"channel":"books5","instId":"ETH-BTC"},"data":[{"asks":[["0.04485","1.009699","0","4"],["0.04486","3.92344","0","13"],["0.04487","12.435116","0","8"],["0.04488","6.750803","0","6"],["0.04489","5.132884","0","5"]],"bids":[["0.04484","1.534381","0","5"],["0.04483","4.437288","0","6"],["0.04482","6.779155","0","6"],["0.04481","15.858729","0","13"],["0.0448","2.794771","0","24"]],"instId":"ETH-BTC","ts":"1722884304006","seqId":1684049846}]}
{"arg":{"channel":"books5","instId":"ETH-BTC"},"data":[{"asks":[["0.04485","0.728499","0","3"],["0.04486","3.788244","0","12"],["0.04487","12.570312","0","9"],["0.04488","10.918584","0","7"],["0.04489","5.132884","0","5"]],"bids":[["0.04484","2.361481","0","6"],["0.04483","4.437288","0","6"],["0.04482","6.779155","0","6"],["0.04481","15.858729","0","13"],["0.0448","2.794771","0","24"]],"instId":"ETH-BTC","ts":"1722884304106","seqId":1684049860}]}
{"arg":{"channel":"books5","instId":"ETH-BTC"},"data":[{"asks":[["0.04485","0.728499","0","3"],["0.04486","2.536715","0","11"],["0.04487","12.570312","0","9"],["0.04488","11.227846","0","8"],["0.04489","5.132884","0","5"]],"bids":[["0.04484","2.361481","0","6"],["0.04483","4.437288","0","6"],["0.04482","6.779155","0","6"],["0.04481","15.858729","0","13"],["0.0448","2.794771","0","24"]],"instId":"ETH-BTC","ts":"1722884304206","seqId":1684049866}]}
{"arg":{"channel":"books5","instId":"ETH-BTC"},"data":[{"asks":[["0.04485","0.728499","0","3"],["0.04486","7.774334","0","13"],["0.04487","12.570312","0","9"],["0.04488","11.227846","0","8"],["0.04489","5.132884","0","5"]],"bids":[["0.04484","2.361481","0","6"],["0.04483","4.437288","0","6"],["0.04482","6.779155","0","6"],["0.04481","15.858729","0","13"],["0.0448","2.794771","0","24"]],"instId":"ETH-BTC","ts":"1722884304306","seqId":1684049870}]}
{"arg":{"channel":"books5","instId":"ETH-BTC"},"data":[{"asks":[["0.04485","0.728499","0","3"],["0.04486","7.080033","0","13"],["0.04487","4.386222","0","7"],["0.04488","15.411088","0","9"],["0.04489","5.132884","0","5"]],"bids":[["0.04484","2.361481","0","6"],["0.04483","4.736509","0","7"],["0.04482","6.779155","0","6"],["0.04481","15.723533","0","12"],["0.0448","6.387336","0","26"]],"instId":"ETH-BTC","ts":"1722884304406","seqId":1684049890}]}
{"arg":{"channel":"books5","instId":"ETH-BTC"},"data":[{"asks":[["0.04485","0.428499","0","2"],["0.04486","6.236715","0","11"],["0.04487","5.724832","0","6"],["0.04488","15.546284","0","10"],["0.04489","5.132884","0","5"]],"bids":[["0.04484","2.734381","0","6"],["0.04483","4.736509","0","7"],["0.04482","6.779155","0","6"],["0.04481","16.889801","0","14"],["0.0448","6.108572","0","25"]],"instId":"ETH-BTC","ts":"1722884304606","seqId":1684049906}]}
{"arg":{"channel":"books5","instId":"ETH-BTC"},"data":[{"asks":[["0.04485","0.709699","0","3"],["0.04486","6.236715","0","11"],["0.04487","5.724832","0","6"],["0.04488","15.546284","0","10"],["0.04489","5.132884","0","5"]],"bids":[["0.04484","1.534381","0","5"],["0.04483","4.736509","0","7"],["0.04482","6.779155","0","6"],["0.04481","16.889801","0","14"],["0.0448","6.108572","0","25"]],"instId":"ETH-BTC","ts":"1722884304706","seqId":1684049911}]}
{"arg":{"channel":"books5","instId":"ETH-BTC"},"data":[{"asks":[["0.04485","1.516983","0","7"],["0.04486","6.33992","0","11"],["0.04487","6.551932","0","7"],["0.04488","11.052949","0","8"],["0.04489","5.445789","0","6"]],"bids":[["0.04484","1.534381","0","5"],["0.04483","4.736509","0","7"],["0.04482","6.779155","0","6"],["0.04481","11.534726","0","11"],["0.0448","6.108572","0","25"]],"instId":"ETH-BTC","ts":"1722884304806","seqId":1684049931}]}
{"arg":{"channel":"books5","instId":"ETH-BTC"},"data":[{"asks":[["0.04485","0.835649","0","4"],["0.04486","6.33992","0","11"],["0.04487","6.551932","0","7"],["0.04488","11.052949","0","8"],["0.04489","5.445789","0","6"]],"bids":[["0.04484","1.534381","0","5"],["0.04483","3.909409","0","6"],["0.04482","6.779155","0","6"],["0.04481","11.534726","0","11"],["0.0448","6.108572","0","25"]],"instId":"ETH-BTC","ts":"1722884304906","seqId":1684049935}]}
{"arg":{"channel":"books5","instId":"ETH-BTC"},"data":[{"asks":[["0.04485","0.835649","0","4"],["0.04486","6.33992","0","11"],["0.04487","6.551932","0","7"],["0.04488","11.052949","0","8"],["0.04489","5.445789","0","6"]],"bids":[["0.04484","1.253181","0","4"],["0.04483","4.736509","0","7"],["0.04482","6.779155","0","6"],["0.04481","11.534726","0","11"],["0.0448","6.108572","0","25"]],"instId":"ETH-BTC","ts":"1722884305006","seqId":1684049937}]}
{"arg":{"channel":"books5","instId":"ETH-BTC"},"data":[{"asks":[["0.04485","0.554449","0","3"],["0.04486","6.33992","0","11"],["0.04487","4.251026","0","6"],["0.04488","11.052949","0","8"],["0.04489","5.445789","0","6"]],"bids":[["0.04484","2.361481","0","6"],["0.04483","4.736509","0","7"],["0.04482","6.779155","0","6"],["0.04481","11.534726","0","11"],["0.0448","6.108572","0","25"]],"instId":"ETH-BTC","ts":"1722884305206","seqId":1684049946}]}
{"arg":{"channel":"books5","instId":"ETH-BTC"},"data":[{"asks":[["0.04485","0.554449","0","3"],["0.04486","5.507252","0","9"],["0.04487","8.433905","0","7"],["0.04488","11.052949","0","8"],["0.04489","5.445789","0","6"]],"bids":[["0.04484","2.361481","0","6"],["0.04483","4.736311","0","7"],["0.04482","6.779155","0","6"],["0.04481","11.534726","0","11"],["0.0448","7.727241","0","26"]],"instId":"ETH-BTC","ts":"1722884305306","seqId":1684049964}]}
{"arg":{"channel":"books5","instId":"ETH-BTC"},"data":[{"asks":[["0.04485","0.273249","0","2"],["0.04486","4.98587","0","7"],["0.04487","6.512226","0","5"],["0.04488","11.052949","0","8"],["0.04489","5.445789","0","6"]],"bids":[["0.04484","2.661481","0","7"],["0.04483","4.436311","0","6"],["0.04482","10.946936","0","7"],["0.04481","7.366945","0","10"],["0.0448","8.006005","0","27"]],"instId":"ETH-BTC","ts":"1722884305406","seqId":1684049981}]}
{"arg":{"channel":"books5","instId":"ETH-BTC"},"data":[{"asks":[["0.04485","0.554449","0","3"],["0.04486","6.34079","0","10"],["0.04487","8.242215","0","6"],["0.04488","11.052949","0","8"],["0.04489","5.445789","0","6"]],"bids":[["0.04484","2.661481","0","7"],["0.04483","4.736311","0","7"],["0.04482","13.822841","0","8"],["0.04481","7.366945","0","10"],["0.0448","8.006005","0","27"]],"instId":"ETH-BTC","ts":"1722884305506","seqId":1684049999}]}
{"arg":{"channel":"books5","instId":"ETH-BTC"},"data":[{"asks":[["0.04485","1.329442","0","6"],["0.04486","7.832911","0","11"],["0.04487","8.242215","0","6"],["0.04488","8.317227","0","8"],["0.04489","5.132884","0","5"]],"bids":[["0.04484","3.861481","0","8"],["0.04483","4.736311","0","7"],["0.04482","10.946936","0","7"],["0.04481","7.502141","0","11"],["0.0448","6.999459","0","25"]],"instId":"ETH-BTC","ts":"1722884305606","seqId":1684050034}]}
{"arg":{"channel":"books5","instId":"ETH-BTC"},"data":[{"asks":[["0.04485","0.554449","0","3"],["0.04486","7.832911","0","11"],["0.04487","8.242215","0","6"],["0.04488","6.058068","0","6"],["0.04489","5.132884","0","5"]],"bids":[["0.04484","2.661481","0","7"],["0.04483","4.736311","0","7"],["0.04482","10.946936","0","7"],["0.04481","7.502141","0","11"],["0.0448","7.886963","0","26"]],"instId":"ETH-BTC","ts":"1722884305706","seqId":1684050051}]}
{"arg":{"channel":"books5","instId":"ETH-BTC"},"data":[{"asks":[["0.04485","0.835649","0","4"],["0.04486","7.832911","0","11"],["0.04487","8.242215","0","6"],["0.04488","10.225849","0","7"],["0.04489","5.132884","0","5"]],"bids":[["0.04484","2.661481","0","7"],["0.04483","3.536311","0","6"],["0.04482","9.746936","0","6"],["0.04481","4.355238","0","9"],["0.0448","6.686963","0","25"]],"instId":"ETH-BTC","ts":"1722884305806","seqId":1684050065}]}
{"arg":{"channel":"books5","instId":"ETH-BTC"},"data":[{"asks":[["0.04485","1.00332","0","5"],["0.04486","7.832911","0","11"],["0.04487","8.242215","0","6"],["0.04488","10.225849","0","7"],["0.04489","5.132884","0","5"]],"bids":[["0.04484","2.661481","0","7"],["0.04483","3.536311","0","6"],["0.04482","5.579155","0","5"],["0.04481","8.523019","0","10"],["0.0448","6.686963","0","25"]],"instId":"ETH-BTC","ts":"1722884305906","seqId":1684050069}]}
{"arg":{"channel":"books5","instId":"ETH-BTC"},"data":[{"asks":[["0.04485","1.148899","0","6"],["0.04486","7.832911","0","11"],["0.04487","12.609996","0","8"],["0.04488","6.885168","0","7"],["0.04489","5.132884","0","5"]],"bids":[["0.04484","2.380281","0","6"],["0.04483","3.736311","0","7"],["0.04482","5.579155","0","5"],["0.04481","8.523019","0","10"],["0.0448","6.686963","0","25"]],"instId":"ETH-BTC","ts":"1722884306006","seqId":1684050087}]}
{"arg":{"channel":"books5","instId":"ETH-BTC"},"data":[{"asks":[["0.04485","1.769343","0","7"],["0.04486","3.832911","0","10"],["0.04487","12.609996","0","8"],["0.04488","6.885168","0","7"],["0.04489","5.132884","0","5"]],"bids":[["0.04484","2.099081","0","5"],["0.04483","3.736311","0","7"],["0.04482","5.579155","0","5"],["0.04481","8.523019","0","10"],["0.0448","6.686963","0","25"]],"instId":"ETH-BTC","ts":"1722884306106","seqId":1684050090}]}
{"arg":{"channel":"books5","instId":"ETH-BTC"},"data":[{"asks":[["0.04485","2.592448","0","8"],["0.04486","3.832911","0","10"],["0.04487","12.609996","0","8"],["0.04488","6.885168","0","7"],["0.04489","5.132884","0","5"]],"bids":[["0.04484","1.271981","0","4"],["0.04483","3.736311","0","7"],["0.04482","1.391054","0","4"],["0.04481","8.523019","0","10"],["0.0448","6.686963","0","25"]],"instId":"ETH-BTC","ts":"1722884306206","seqId":1684050098}]}
{"arg":{"channel":"books5","instId":"ETH-BTC"},"data":[{"asks":[["0.04485","2.592448","0","8"],["0.04486","3.832911","0","10"],["0.04487","12.609996","0","8"],["0.04488","6.885168","0","7"],["0.04489","5.132884","0","5"]],"bids":[["0.04484","1.271981","0","4"],["0.04483","1.178801","0","6"],["0.04482","4.683608","0","6"],["0.04481","8.523019","0","10"],["0.0448","6.686963","0","25"]],"instId":"ETH-BTC","ts":"1722884306406","seqId":1684050107}]}
{"arg":{"channel":"books5","instId":"ETH-BTC"},"data":[{"asks":[["0.04485","1.769343","0","7"],["0.04486","3.832911","0","10"],["0.04487","12.609996","0","8"],["0.04488","6.885168","0","7"],["0.04489","5.132884","0","5"]],"bids":[["0.04484","0.609288","0","2"],["0.04483","1.178801","0","6"],["0.04482","4.683608","0","6"],["0.04481","8.523019","0","10"],["0.0448","6.686963","0","25"]],"instId":"ETH-BTC","ts":"1722884306506","seqId":1684050114}]}
{"arg":{"channel":"books5","instId":"ETH-BTC"},"data":[{"asks":[["0.04485","1.769343","0","7"],["0.04486","3.832911","0","10"],["0.04487","13.437096","0","9"],["0.04488","6.885168","0","7"],["0.04489","5.132884","0","5"]],"bids":[["0.04484","0.609288","0","2"],["0.04483","1.178801","0","6"],["0.04482","4.683608","0","6"],["0.04481","8.523019","0","10"],["0.0448","6.686963","0","25"]],"instId":"ETH-BTC","ts":"1722884306606","seqId":1684050115}]}
{"arg":{"channel":"books5","instId":"ETH-BTC"},"data":[{"asks":[["0.04485","2.276766","0","8"],["0.04486","6.120618","0","12"],["0.04487","13.437096","0","9"],["0.04488","6.885168","0","7"],["0.04489","5.407379","0","6"]],"bids":[["0.04484","0.971981","0","3"],["0.04483","2.543208","0","6"],["0.04482","4.683608","0","6"],["0.04481","8.523019","0","10"],["0.0448","7.574266","0","26"]],"instId":"ETH-BTC","ts":"1722884306906","seqId":1684050127}]}
{"arg":{"channel":"books5","instId":"ETH-BTC"},"data":[{"asks":[["0.04485","2.276766","0","8"],["0.04486","6.120618","0","12"],["0.04487","13.437096","0","9"],["0.04488","6.885168","0","7"],["0.04489","6.294883","0","7"]],"bids":[["0.04484","0.609288","0","2"],["0.04483","2.905901","0","7"],["0.04482","4.683608","0","6"],["0.04481","8.523019","0","10"],["0.0448","6.686963","0","25"]],"instId":"ETH-BTC","ts":"1722884307006","seqId":1684050133}]}
{"arg":{"channel":"books5","instId":"ETH-BTC"},"data":[{"asks":[["0.04485","2.889599","0","9"],["0.04486","6.947718","0","13"],["0.04487","15.889986","0","9"],["0.04488","2.701926","0","6"],["0.04489","5.407379","0","6"]],"bids":[["0.04484","0.971981","0","3"],["0.04483","1.716108","0","5"],["0.04482","4.683608","0","6"],["0.04481","8.523019","0","10"],["0.0448","7.574266","0","26"]],"instId":"ETH-BTC","ts":"1722884307206","seqId":1684050145}]}
{"arg":{"channel":"books5","instId":"ETH-BTC"},"data":[{"asks":[["0.04485","2.889599","0","9"],["0.04486","6.947718","0","13"],["0.04487","11.707107","0","8"],["0.04488","2.976421","0","7"],["0.04489","5.132884","0","5"]],"bids":[["0.04484","0.002308","0","1"],["0.04483","2.078801","0","6"],["0.04482","4.683608","0","6"],["0.04481","8.523019","0","10"],["0.0448","7.574266","0","26"]],"instId":"ETH-BTC","ts":"1722884307306","seqId":1684050153}]}
{"arg":{"channel":"books5","instId":"ETH-BTC"},"data":[{"asks":[["0.04484","1.469961","0","4"],["0.04485","7.14597","0","9"],["0.04486","6.947718","0","13"],["0.04487","11.707107","0","8"],["0.04488","3.825745","0","8"]],"bids":[["0.04483","1.944319","0","6"],["0.04482","4.983608","0","7"],["0.04481","5.525949","0","9"],["0.0448","6.392045","0","24"],["0.04479","7.692758","0","11"]],"instId":"ETH-BTC","ts":"1722884307406","seqId":1684050195}]}
{"arg":{"channel":"books5","instId":"ETH-BTC"},"data":[{"asks":[["0.04484","1.469961","0","4"],["0.04485","7.14597","0","9"],["0.04486","6.947718","0","13"],["0.04487","11.707107","0","8"],["0.04488","3.825745","0","8"]],"bids":[["0.04483","2.376499","0","7"],["0.04482","4.983608","0","7"],["0.04481","5.525949","0","9"],["0.0448","9.58019","0","25"],["0.04479","8.580061","0","12"]],"instId":"ETH-BTC","ts":"1722884307506","seqId":1684050205}]}
{"arg":{"channel":"books5","instId":"ETH-BTC"},"data":[{"asks":[["0.04484","1.906254","0","6"],["0.04485","7.14827","0","9"],["0.04486","7.082914","0","14"],["0.04487","11.707107","0","8"],["0.04488","3.690549","0","7"]],"bids":[["0.04483","2.376891","0","7"],["0.04482","4.9863","0","7"],["0.04481","6.725949","0","10"],["0.0448","9.858954","0","26"],["0.04479","7.692758","0","11"]],"instId":"ETH-BTC","ts":"1722884307606","seqId":1684050233}]}
{"arg":{"channel":"books5","instId":"ETH-BTC"},"data":[{"asks":[["0.04484","1.469961","0","4"],["0.04485","7.14827","0","9"],["0.04486","7.082914","0","14"],["0.04487","11.707107","0","8"],["0.04488","3.690549","0","7"]],"bids":[["0.04483","2.376891","0","7"],["0.04482","4.9863","0","7"],["0.04481","6.725949","0","10"],["0.0448","9.858954","0","26"],["0.04479","7.692758","0","11"]],"instId":"ETH-BTC","ts":"1722884307706","seqId":1684050239}]}
{"arg":{"channel":"books5","instId":"ETH-BTC"},"data":[{"asks":[["0.04484","1.469961","0","4"],["0.04485","7.14827","0","9"],["0.04486","6.782914","0","13"],["0.04487","11.707107","0","8"],["0.04488","3.690549","0","7"]],"bids":[["0.04483","2.658091","0","8"],["0.04482","4.9863","0","7"],["0.04481","6.725949","0","10"],["0.0448","9.858954","0","26"],["0.04479","7.692758","0","11"]],"instId":"ETH-BTC","ts":"1722884308006","seqId":1684050245}]}
{"arg":{"channel":"books5","instId":"ETH-BTC"},"data":[{"asks":[["0.04484","2.009726","0","6"],["0.04485","7.14827","0","9"],["0.04486","6.782914","0","13"],["0.04487","7.539326","0","7"],["0.04488","3.690549","0","7"]],"bids":[["0.04483","1.176891","0","6"],["0.04482","4.9863","0","7"],["0.04481","6.590753","0","9"],["0.0448","9.106646","0","26"],["0.04479","7.692758","0","11"]],"instId":"ETH-BTC","ts":"1722884308406","seqId":1684050261}]}
{"arg":{"channel":"books5","instId":"ETH-BTC"},"data":[{"asks":[["0.04484","2.662899","0","6"],["0.04485","7.14827","0","9"],["0.04486","15.132866","0","15"],["0.04487","7.539326","0","7"],["0.04488","3.690549","0","7"]],"bids":[["0.04483","1.176891","0","6"],["0.04482","2.893746","0","6"],["0.04481","8.684048","0","10"],["0.0448","9.99415","0","27"],["0.04479","7.692758","0","11"]],"instId":"ETH-BTC","ts":"1722884308506","seqId":1684050287}]}
{"arg":{"channel":"books5","instId":"ETH-BTC"},"data":[{"asks":[["0.04484","1.970672","0","7"],["0.04485","7.14827","0","9"],["0.04486","15.132866","0","15"],["0.04487","7.539326","0","7"],["0.04488","3.690549","0","7"]],"bids":[["0.04483","1.176891","0","6"],["0.04482","2.893746","0","6"],["0.04481","8.684048","0","10"],["0.0448","9.99415","0","27"],["0.04479","7.692758","0","11"]],"instId":"ETH-BTC","ts":"1722884308606","seqId":1684050292}]}
{"arg":{"channel":"books5","instId":"ETH-BTC"},"data":[{"asks":[["0.04484","1.970672","0","7"],["0.04485","7.14827","0","9"],["0.04486","15.132866","0","15"],["0.04487","7.539326","0","7"],["0.04488","4.003454","0","8"]],"bids":[["0.04483","1.176891","0","6"],["0.04482","2.893746","0","6"],["0.04481","8.684048","0","10"],["0.0448","9.715386","0","26"],["0.04479","7.692758","0","11"]],"instId":"ETH-BTC","ts":"1722884308706","seqId":1684050296}]}
{"arg":{"channel":"books5","instId":"ETH-BTC"},"data":[{"asks":[["0.04484","1.483217","0","5"],["0.04485","7.14827","0","9"],["0.04486","15.132866","0","15"],["0.04487","7.539326","0","7"],["0.04488","4.003454","0","8"]],"bids":[["0.04483","1.176891","0","6"],["0.04482","2.893746","0","6"],["0.04481","8.684048","0","10"],["0.0448","9.715386","0","26"],["0.04479","7.692758","0","11"]],"instId":"ETH-BTC","ts":"1722884308806","seqId":1684050305}]}
{"arg":{"channel":"books5","instId":"ETH-BTC"},"data":[{"asks":[["0.04484","1.898988","0","6"],["0.04485","7.14827","0","9"],["0.04486","15.132866","0","15"],["0.04487","7.539326","0","7"],["0.04488","4.003454","0","8"]],"bids":[["0.04483","0.895691","0","5"],["0.04482","2.893746","0","6"],["0.04481","4.516267","0","9"],["0.0448","12.995663","0","26"],["0.04479","7.692758","0","11"]],"instId":"ETH-BTC","ts":"1722884309106","seqId":1684050317}]}
{"arg":{"channel":"books5","instId":"ETH-BTC"},"data":[{"asks":[["0.04484","2.467989","0","8"],["0.04485","7.14827","0","9"],["0.04486","14.99767","0","14"],["0.04487","7.835942","0","8"],["0.04488","4.890757","0","9"]],"bids":[["0.04483","0.895691","0","5"],["0.04482","2.893746","0","6"],["0.04481","4.516267","0","9"],["0.0448","12.995663","0","26"],["0.04479","7.692758","0","11"]],"instId":"ETH-BTC","ts":"1722884309206","seqId":1684050332}]}
{"arg":{"channel":"books5","instId":"ETH-BTC"},"data":[{"asks":[["0.04484","2.467989","0","8"],["0.04485","7.14827","0","9"],["0.04486","19.179963","0","15"],["0.04487","7.539326","0","7"],["0.04488","4.890757","0","9"]],"bids":[["0.04483","0.895691","0","5"],["0.04482","2.893746","0","6"],["0.04481","4.516267","0","9"],["0.0448","12.995663","0","26"],["0.04479","7.692758","0","11"]],"instId":"ETH-BTC","ts":"1722884309306","seqId":1684050335}]}
{"arg":{"channel":"books5","instId":"ETH-BTC"},"data":[{"asks":[["0.04484","4.107309","0","8"],["0.04485","7.14827","0","9"],["0.04486","15.19767","0","15"],["0.04487","7.339326","0","6"],["0.04488","4.890958","0","9"]],"bids":[["0.04483","0.695691","0","4"],["0.04482","3.093746","0","7"],["0.04481","4.516267","0","9"],["0.0448","12.860467","0","25"],["0.04479","7.692758","0","11"]],"instId":"ETH-BTC","ts":"1722884309406","seqId":1684050352}]}
{"arg":{"channel":"books5","instId":"ETH-BTC"},"data":[{"asks":[["0.04484","4.107309","0","8"],["0.04485","7.14827","0","9"],["0.04486","15.19767","0","15"],["0.04487","7.339326","0","6"],["0.04488","4.890958","0","9"]],"bids":[["0.04483","0.695691","0","4"],["0.04482","3.093746","0","7"],["0.04481","4.516267","0","9"],["0.0448","12.860467","0","25"],["0.04479","7.827954","0","12"]],"instId":"ETH-BTC","ts":"1722884309506","seqId":1684050355}]}
{"arg":{"channel":"books5","instId":"ETH-BTC"},"data":[{"asks":[["0.04484","3.147076","0","8"],["0.04485","7.97537","0","10"],["0.04486","15.19767","0","15"],["0.04487","7.339326","0","6"],["0.04488","4.890958","0","9"]],"bids":[["0.04483","0.695691","0","4"],["0.04482","3.093746","0","7"],["0.04481","4.516267","0","9"],["0.0448","12.860467","0","25"],["0.04479","7.827954","0","12"]],"instId":"ETH-BTC","ts":"1722884309606","seqId":1684050359}]}
{"arg":{"channel":"books5","instId":"ETH-BTC"},"data":[{"asks":[["0.04484","3.147076","0","8"],["0.04485","7.97537","0","10"],["0.04486","15.19767","0","15"],["0.04487","7.339326","0","6"],["0.04488","5.778261","0","10"]],"bids":[["0.04483","0.695691","0","4"],["0.04482","3.093746","0","7"],["0.04481","4.516267","0","9"],["0.0448","12.860467","0","25"],["0.04479","7.827954","0","12"]],"instId":"ETH-BTC","ts":"1722884309806","seqId":1684050367}]}
{"arg":{"channel":"books5","instId":"ETH-BTC"},"data":[{"asks":[["0.04484","4.176035","0","9"],["0.04485","8.27537","0","11"],["0.04486","15.19767","0","15"],["0.04487","7.339326","0","6"],["0.04488","5.187574","0","10"]],"bids":[["0.04483","0.695691","0","4"],["0.04482","3.135611","0","8"],["0.04481","4.516267","0","9"],["0.0448","12.860467","0","25"],["0.04479","7.827954","0","12"]],"instId":"ETH-BTC","ts":"1722884309906","seqId":1684050377}]}
{"arg":{"channel":"books5","instId":"ETH-BTC"},"data":[{"asks":[["0.04484","4.176035","0","9"],["0.04485","7.44827","0","10"],["0.04486","15.19767","0","15"],["0.04487","7.613821","0","7"],["0.04488","4.913079","0","9"]],"bids":[["0.04483","0.695691","0","4"],["0.04482","3.135611","0","8"],["0.04481","4.516267","0","9"],["0.0448","12.860467","0","25"],["0.04479","7.827954","0","12"]],"instId":"ETH-BTC","ts":"1722884310006","seqId":1684050381}]}
{"arg":{"channel":"books5","instId":"ETH-BTC"},"data":[{"asks":[["0.04484","4.176035","0","9"],["0.04485","8.27537","0","11"],["0.04486","11.029889","0","14"],["0.04487","7.613821","0","7"],["0.04488","4.913079","0","9"]],"bids":[["0.04483","0.695691","0","4"],["0.04482","3.135611","0","8"],["0.04481","4.516267","0","9"],["0.0448","12.860467","0","25"],["0.04479","7.827954","0","12"]],"instId":"ETH-BTC","ts":"1722884310106","seqId":1684050383}]}
{"arg":{"channel":"books5","instId":"ETH-BTC"},"data":[{"asks":[["0.04484","4.476035","0","10"],["0.04485","16.62597","0","13"],["0.04486","11.029889","0","14"],["0.04487","8.81423","0","9"],["0.04488","3.416054","0","6"]],"bids":[["0.04483","0.46748","0","3"],["0.04482","2.236722","0","7"],["0.04481","2.422972","0","8"],["0.0448","11.765796","0","25"],["0.04479","5.745855","0","10"]],"instId":"ETH-BTC","ts":"1722884310206","seqId":1684050404}]}
{"arg":{"channel":"books5","instId":"ETH-BTC"},"data":[{"asks":[["0.04484","3.447076","0","9"],["0.04485","16.62597","0","13"],["0.04486","11.029889","0","14"],["0.04487","8.81423","0","9"],["0.04488","3.416054","0","6"]],"bids":[["0.04483","0.46748","0","3"],["0.04482","2.536722","0","8"],["0.04481","2.422972","0","8"],["0.0448","7.598015","0","24"],["0.04479","9.913636","0","11"]],"instId":"ETH-BTC","ts":"1722884310406","seqId":1684050413}]}
{"arg":{"channel":"books5","instId":"ETH-BTC"},"data":[{"asks":[["0.04484","4.625114","0","10"],["0.04485","16.62597","0","13"],["0.04486","11.029889","0","14"],["0.04487","8.81423","0","9"],["0.04488","3.416054","0","6"]],"bids":[["0.04483","0.46748","0","3"],["0.04482","2.536722","0","8"],["0.04481","2.422972","0","8"],["0.0448","8.798015","0","25"],["0.04479","9.913636","0","11"]],"instId":"ETH-BTC","ts":"1722884310506","seqId":1684050416}]}
{"arg":{"channel":"books5","instId":"ETH-BTC"},"data":[{"asks":[["0.04483","1.958047","0","5"],["0.04484","6.504797","0","12"],["0.04485","16.62597","0","13"],["0.04486","7.152213","0","15"],["0.04487","9.249339","0","9"]],"bids":[["0.04482","1.643702","0","7"],["0.04481","2.422972","0","8"],["0.0448","4.609481","0","24"],["0.04479","9.913636","0","11"],["0.04478","9.371087","0","12"]],"instId":"ETH-BTC","ts":"1722884310606","seqId":1684050460}]}
{"arg":{"channel":"books5","instId":"ETH-BTC"},"data":[{"asks":[["0.04483","0.88818","0","2"],["0.04484","4.850233","0","11"],["0.04485","16.62597","0","13"],["0.04486","7.152213","0","15"],["0.04487","9.249339","0","9"]],"bids":[["0.04482","1.643702","0","7"],["0.04481","2.422972","0","8"],["0.0448","4.609481","0","24"],["0.04479","10.1924","0","12"],["0.04478","13.559975","0","13"]],"instId":"ETH-BTC","ts":"1722884310706","seqId":1684050478}]}
{"arg":{"channel":"books5","instId":"ETH-BTC"},"data":[{"asks":[["0.04483","0.88818","0","2"],["0.04484","4.023133","0","10"],["0.04485","16.62597","0","13"],["0.04486","7.152213","0","15"],["0.04487","9.249339","0","9"]],"bids":[["0.04482","1.643702","0","7"],["0.04481","2.422972","0","8"],["0.0448","4.609481","0","24"],["0.04479","10.1924","0","12"],["0.04478","12.672672","0","12"]],"instId":"ETH-BTC","ts":"1722884310806","seqId":1684050482}]}
{"arg":{"channel":"books5","instId":"ETH-BTC"},"data":[{"asks":[["0.04483","0.88818","0","2"],["0.04484","2.845095","0","9"],["0.04485","16.62597","0","13"],["0.04486","7.152213","0","15"],["0.04487","9.249339","0","9"]],"bids":[["0.04482","1.643702","0","7"],["0.04481","2.422972","0","8"],["0.0448","4.609481","0","24"],["0.04479","10.1924","0","12"],["0.04478","12.672672","0","12"]],"instId":"ETH-BTC","ts":"1722884311106","seqId":1684050494}]}
{"arg":{"channel":"books5","instId":"ETH-BTC"},"data":[{"asks":[["0.04483","2.914766","0","5"],["0.04484","5.520977","0","10"],["0.04485","18.272224","0","13"],["0.04486","7.152213","0","15"],["0.04487","9.249339","0","9"]],"bids":[["0.04482","1.092426","0","4"],["0.04481","2.651183","0","9"],["0.0448","4.609481","0","24"],["0.04479","10.1924","0","12"],["0.04478","12.672672","0","12"]],"instId":"ETH-BTC","ts":"1722884311306","seqId":1684050512}]}
{"arg":{"channel":"books5","instId":"ETH-BTC"},"data":[{"asks":[["0.04483","1.345024","0","4"],["0.04484","8.558681","0","9"],["0.04485","18.40742","0","14"],["0.04486","7.152213","0","15"],["0.04487","9.249339","0","9"]],"bids":[["0.04482","1.09318","0","4"],["0.04481","2.651183","0","9"],["0.0448","4.609481","0","24"],["0.04479","9.1924","0","11"],["0.04478","12.672672","0","12"]],"instId":"ETH-BTC","ts":"1722884311406","seqId":1684050529}]}
{"arg":{"channel":"books5","instId":"ETH-BTC"},"data":[{"asks":[["0.04483","1.18818","0","3"],["0.04484","8.858681","0","10"],["0.04485","18.40742","0","14"],["0.04486","7.152213","0","15"],["0.04487","9.249339","0","9"]],"bids":[["0.04482","2.29318","0","5"],["0.04481","2.951183","0","10"],["0.0448","4.609481","0","24"],["0.04479","9.1924","0","11"],["0.04478","12.672672","0","12"]],"instId":"ETH-BTC","ts":"1722884311506","seqId":1684050534}]}
{"arg":{"channel":"books5","instId":"ETH-BTC"},"data":[{"asks":[["0.04483","0.88818","0","2"],["0.04484","7.445789","0","8"],["0.04485","16.32597","0","12"],["0.04486","9.530279","0","18"],["0.04487","8.361835","0","8"]],"bids":[["0.04482","2.57438","0","6"],["0.04481","2.951183","0","10"],["0.0448","6.556384","0","25"],["0.04479","10.079904","0","12"],["0.04478","9.838265","0","10"]],"instId":"ETH-BTC","ts":"1722884311706","seqId":1684050552}]}
{"arg":{"channel":"books5","instId":"ETH-BTC"},"data":[{"asks":[["0.04483","0.88818","0","2"],["0.04484","6.375435","0","5"],["0.04485","15.513959","0","11"],["0.04486","9.233663","0","17"],["0.04487","8.658451","0","9"]],"bids":[["0.04482","2.429691","0","7"],["0.04481","3.005722","0","10"],["0.0448","9.818852","0","27"],["0.04479","8.913636","0","10"],["0.04478","7.833054","0","10"]],"instId":"ETH-BTC","ts":"1722884311806","seqId":1684050583}]}
{"arg":{"channel":"books5","instId":"ETH-BTC"},"data":[{"asks":[["0.04483","0.88818","0","2"],["0.04484","7.864209","0","5"],["0.04485","20.505","0","8"],["0.04486","8.406563","0","16"],["0.04487","8.361835","0","8"]],"bids":[["0.04482","2.429691","0","7"],["0.04481","3.005722","0","10"],["0.0448","9.818852","0","27"],["0.04479","8.913636","0","10"],["0.04478","7.833054","0","10"]],"instId":"ETH-BTC","ts":"1722884311906","seqId":1684050597}]}
{"arg":{"channel":"books5","instId":"ETH-BTC"},"data":[{"asks":[["0.04483","0.88818","0","2"],["0.04484","7.864209","0","5"],["0.04485","20.505","0","8"],["0.04486","8.406563","0","16"],["0.04487","8.361835","0","8"]],"bids":[["0.04482","2.20148","0","6"],["0.04481","3.233933","0","11"],["0.0448","9.683656","0","26"],["0.04479","9.048832","0","11"],["0.04478","7.833054","0","10"]],"instId":"ETH-BTC","ts":"1722884312006","seqId":1684050608}]}
{"arg":{"channel":"books5","instId":"ETH-BTC"},"data":[{"asks":[["0.04483","0.88818","0","2"],["0.04484","7.864209","0","5"],["0.04485","20.505","0","8"],["0.04486","7.245956","0","16"],["0.04487","4.178956","0","7"]],"bids":[["0.04482","2.429691","0","7"],["0.04481","3.005722","0","10"],["0.0448","9.683656","0","26"],["0.04479","9.048832","0","11"],["0.04478","7.833054","0","10"]],"instId":"ETH-BTC","ts":"1722884312106","seqId":1684050617}]}
{"arg":{"channel":"books5","instId":"ETH-BTC"},"data":[{"asks":[["0.04483","1.508482","0","4"],["0.04484","7.864209","0","5"],["0.04485","20.505","0","8"],["0.04486","7.245956","0","16"],["0.04487","4.178956","0","7"]],"bids":[["0.04482","2.429691","0","7"],["0.04481","3.005722","0","10"],["0.0448","9.683656","0","26"],["0.04479","9.048832","0","11"],["0.04478","7.833054","0","10"]],"instId":"ETH-BTC","ts":"1722884312206","seqId":1684050619}]}
{"arg":{"channel":"books5","instId":"ETH-BTC"},"data":[{"asks":[["0.04483","1.508482","0","4"],["0.04484","7.864209","0","5"],["0.04485","16.32213","0","7"],["0.04486","7.245956","0","16"],["0.04487","4.178956","0","7"]],"bids":[["0.04482","2.148491","0","6"],["0.04481","3.005722","0","10"],["0.0448","9.683656","0","26"],["0.04479","9.048832","0","11"],["0.04478","8.720357","0","11"]],"instId":"ETH-BTC","ts":"1722884312406","seqId":1684050624}]}
{"arg":{"channel":"books5","instId":"ETH-BTC"},"data":[{"asks":[["0.04483","1.843023","0","5"],["0.04484","7.864209","0","5"],["0.04485","17.14923","0","8"],["0.04486","5.753835","0","15"],["0.04487","4.753555","0","7"]],"bids":[["0.04482","1.040191","0","4"],["0.04481","3.005722","0","10"],["0.0448","6.438028","0","24"],["0.04479","5.456271","0","9"],["0.04478","8.855553","0","12"]],"instId":"ETH-BTC","ts":"1722884312506","seqId":1684050646}]}
{"arg":{"channel":"books5","instId":"ETH-BTC"},"data":[{"asks":[["0.04483","1.843023","0","5"],["0.04484","12.03199","0","6"],["0.04485","12.981449","0","7"],["0.04486","5.753835","0","15"],["0.04487","3.866051","0","6"]],"bids":[["0.04482","1.040191","0","4"],["0.04481","3.005722","0","10"],["0.0448","6.438028","0","24"],["0.04479","5.456271","0","9"],["0.04478","8.855553","0","12"]],"instId":"ETH-BTC","ts":"1722884312706","seqId":1684050651}]}
{"arg":{"channel":"books5","instId":"ETH-BTC"},"data":[{"asks":[["0.04483","1.843023","0","5"],["0.04484","11.750209","0","5"],["0.04485","12.981449","0","7"],["0.04486","5.753835","0","15"],["0.04487","3.866051","0","6"]],"bids":[["0.04482","1.040191","0","4"],["0.04481","3.005722","0","10"],["0.0448","6.438028","0","24"],["0.04479","5.456271","0","9"],["0.04478","8.855553","0","12"]],"instId":"ETH-BTC","ts":"1722884312806","seqId":1684050653}]}
{"arg":{"channel":"books5","instId":"ETH-BTC"},"data":[{"asks":[["0.04483","1.978219","0","6"],["0.04484","12.577309","0","6"],["0.04485","12.981449","0","7"],["0.04486","5.618639","0","14"],["0.04487","4.753555","0","7"]],"bids":[["0.04482","1.040191","0","4"],["0.04481","3.005722","0","10"],["0.0448","6.438028","0","24"],["0.04479","5.456271","0","9"],["0.04478","8.855553","0","12"]],"instId":"ETH-BTC","ts":"1722884312906","seqId":1684050657}]}
{"arg":{"channel":"books5","instId":"ETH-BTC"},"data":[{"asks":[["0.04483","4.455507","0","8"],["0.04484","7.89397","0","5"],["0.04485","13.494354","0","9"],["0.04486","5.418639","0","13"],["0.04487","4.753555","0","7"]],"bids":[["0.04482","0.840191","0","3"],["0.04481","2.378622","0","10"],["0.0448","4.344554","0","23"],["0.04479","7.431722","0","9"],["0.04478","7.832853","0","10"]],"instId":"ETH-BTC","ts":"1722884313006","seqId":1684050723}]}
{"arg":{"channel":"books5","instId":"ETH-BTC"},"data":[{"asks":[["0.04482","1.019676","0","3"],["0.04483","4.276178","0","8"],["0.04484","12.888851","0","7"],["0.04485","9.494354","0","8"],["0.04486","5.418639","0","13"]],"bids":[["0.04481","2.606833","0","11"],["0.0448","4.644554","0","24"],["0.04479","7.431722","0","9"],["0.04478","7.849007","0","10"],["0.04477","6.088798","0","13"]],"instId":"ETH-BTC","ts":"1722884313106","seqId":1684050753}]}
{"arg":{"channel":"books5","instId":"ETH-BTC"},"data":[{"asks":[["0.04482","1.595799","0","5"],["0.04483","4.276178","0","8"],["0.04484","13.024047","0","8"],["0.04485","9.494354","0","8"],["0.04486","5.418639","0","13"]],"bids":[["0.04481","3.740913","0","12"],["0.0448","4.344554","0","23"],["0.04479","7.431722","0","9"],["0.04478","7.849007","0","10"],["0.04477","6.223994","0","14"]],"instId":"ETH-BTC","ts":"1722884313206","seqId":1684050765}]}
{"arg":{"channel":"books5","instId":"ETH-BTC"},"data":[{"asks":[["0.04482","1.18448","0","3"],["0.04483","3.71833","0","7"],["0.04484","13.024047","0","8"],["0.04485","9.181449","0","7"],["0.04486","5.418639","0","13"]],"bids":[["0.04481","4.022113","0","13"],["0.0448","4.344554","0","23"],["0.04479","7.431722","0","9"],["0.04478","8.127771","0","11"],["0.04477","6.223994","0","14"]],"instId":"ETH-BTC","ts":"1722884313306","seqId":1684050777}]}
{"arg":{"channel":"books5","instId":"ETH-BTC"},"data":[{"asks":[["0.04482","1.18448","0","3"],["0.04483","3.71833","0","7"],["0.04484","13.024047","0","8"],["0.04485","9.181449","0","7"],["0.04486","5.418639","0","13"]],"bids":[["0.04481","4.022113","0","13"],["0.0448","4.344554","0","23"],["0.04479","7.431722","0","9"],["0.04478","7.240468","0","10"],["0.04477","6.223994","0","14"]],"instId":"ETH-BTC","ts":"1722884313406","seqId":1684050778}]}
{"arg":{"channel":"books5","instId":"ETH-BTC"},"data":[{"asks":[["0.04482","1.18448","0","3"],["0.04483","3.71833","0","7"],["0.04484","13.024047","0","8"],["0.04485","9.181449","0","7"],["0.04486","5.418639","0","13"]],"bids":[["0.04481","4.022113","0","13"],["0.0448","4.344554","0","23"],["0.04479","10.770946","0","10"],["0.04478","8.127972","0","11"],["0.04477","5.33649","0","13"]],"instId":"ETH-BTC","ts":"1722884313506","seqId":1684050785}]}
{"arg":{"channel":"books5","instId":"ETH-BTC"},"data":[{"asks":[["0.04482","1.18448","0","3"],["0.04483","3.71833","0","7"],["0.04484","13.310958","0","9"],["0.04485","9.181449","0","7"],["0.04486","5.418639","0","13"]],"bids":[["0.04481","4.022113","0","13"],["0.0448","4.344554","0","23"],["0.04479","8.677146","0","9"],["0.04478","8.127972","0","11"],["0.04477","5.33649","0","13"]],"instId":"ETH-BTC","ts":"1722884313706","seqId":1684050792}]}
{"arg":{"channel":"books5","instId":"ETH-BTC"},"data":[{"asks":[["0.04482","1.18448","0","3"],["0.04483","3.71833","0","7"],["0.04484","17.494439","0","10"],["0.04485","9.181449","0","7"],["0.04486","5.418639","0","13"]],"bids":[["0.04481","4.022113","0","13"],["0.0448","6.437824","0","24"],["0.04479","8.677146","0","9"],["0.04478","8.127972","0","11"],["0.04477","5.33649","0","13"]],"instId":"ETH-BTC","ts":"1722884313806","seqId":1684050795}]}
{"arg":{"channel":"books5","instId":"ETH-BTC"},"data":[{"asks":[["0.04482","1.18448","0","3"],["0.04483","3.41833","0","6"],["0.04484","17.494439","0","10"],["0.04485","9.181449","0","7"],["0.04486","5.418639","0","13"]],"bids":[["0.04481","3.195013","0","12"],["0.0448","4.344554","0","23"],["0.04479","8.677146","0","9"],["0.04478","8.127972","0","11"],["0.04477","6.223793","0","14"]],"instId":"ETH-BTC","ts":"1722884314206","seqId":1684050802}]}
{"arg":{"channel":"books5","instId":"ETH-BTC"},"data":[{"asks":[["0.04482","1.18448","0","3"],["0.04483","3.41833","0","6"],["0.04484","17.494439","0","10"],["0.04485","9.181449","0","7"],["0.04486","5.418639","0","13"]],"bids":[["0.04481","3.195013","0","12"],["0.0448","4.344554","0","23"],["0.04479","8.677146","0","9"],["0.04478","7.833054","0","10"],["0.04477","5.33649","0","13"]],"instId":"ETH-BTC","ts":"1722884314306","seqId":1684050809}]}
{"arg":{"channel":"books5","instId":"ETH-BTC"},"data":[{"asks":[["0.04482","1.18448","0","3"],["0.04483","3.41833","0","6"],["0.04484","17.494439","0","10"],["0.04485","9.181449","0","7"],["0.04486","5.418639","0","13"]],"bids":[["0.04481","2.913813","0","11"],["0.0448","4.344554","0","23"],["0.04479","8.677146","0","9"],["0.04478","7.833054","0","10"],["0.04477","5.33649","0","13"]],"instId":"ETH-BTC","ts":"1722884314506","seqId":1684050810}]}
{"arg":{"channel":"books5","instId":"ETH-BTC"},"data":[{"asks":[["0.04482","1.18448","0","3"],["0.04483","3.41833","0","6"],["0.04484","17.494439","0","10"],["0.04485","9.181449","0","7"],["0.04486","5.418639","0","13"]],"bids":[["0.04481","1.432613","0","9"],["0.0448","4.344554","0","23"],["0.04479","4.509365","0","8"],["0.04478","12.000835","0","11"],["0.04477","5.33649","0","13"]],"instId":"ETH-BTC","ts":"1722884314606","seqId":1684050821}]}
{"arg":{"channel":"books5","instId":"ETH-BTC"},"data":[{"asks":[["0.04482","2.605694","0","6"],["0.04483","8.429749","0","8"],["0.04484","17.359243","0","9"],["0.04485","9.455944","0","8"],["0.04486","5.144144","0","12"]],"bids":[["0.04481","1.204402","0","8"],["0.0448","1.798762","0","22"],["0.04479","5.210519","0","9"],["0.04478","11.129485","0","10"],["0.04477","5.33649","0","13"]],"instId":"ETH-BTC","ts":"1722884314706","seqId":1684050855}]}
{"arg":{"channel":"books5","instId":"ETH-BTC"},"data":[{"asks":[["0.04482","5.019676","0","4"],["0.04483","8.729749","0","9"],["0.04484","17.359243","0","9"],["0.04485","9.455944","0","8"],["0.04486","5.144144","0","12"]],"bids":[["0.04481","1.204402","0","8"],["0.0448","1.798762","0","22"],["0.04479","6.410519","0","10"],["0.04478","10.113331","0","9"],["0.04477","5.33649","0","13"]],"instId":"ETH-BTC","ts":"1722884314806","seqId":1684050878}]}
{"arg":{"channel":"books5","instId":"ETH-BTC"},"data":[{"asks":[["0.04482","6.446158","0","6"],["0.04483","8.864945","0","10"],["0.04484","17.633738","0","10"],["0.04485","9.181449","0","7"],["0.04486","5.144144","0","12"]],"bids":[["0.04481","1.204402","0","8"],["0.0448","1.798762","0","22"],["0.04479","6.410519","0","10"],["0.04478","10.113331","0","9"],["0.04477","5.33649","0","13"]],"instId":"ETH-BTC","ts":"1722884314906","seqId":1684050893}]}
{"arg":{"channel":"books5","instId":"ETH-BTC"},"data":[{"asks":[["0.04482","1.891334","0","5"],["0.04483","8.037845","0","9"],["0.04484","17.633738","0","10"],["0.04485","9.891053","0","8"],["0.04486","5.144144","0","12"]],"bids":[["0.04481","1.204402","0","8"],["0.0448","1.798762","0","22"],["0.04479","6.410519","0","10"],["0.04478","10.113331","0","9"],["0.04477","5.33649","0","13"]],"instId":"ETH-BTC","ts":"1722884315006","seqId":1684050899}]}
{"arg":{"channel":"books5","instId":"ETH-BTC"},"data":[{"asks":[["0.04482","1.353906","0","4"],["0.04483","8.037845","0","9"],["0.04484","17.633738","0","10"],["0.04485","9.891053","0","8"],["0.04486","5.144144","0","12"]],"bids":[["0.04481","1.485602","0","9"],["0.0448","1.798762","0","22"],["0.04479","6.410519","0","10"],["0.04478","10.113331","0","9"],["0.04477","5.33649","0","13"]],"instId":"ETH-BTC","ts":"1722884315106","seqId":1684050906}]}
{"arg":{"channel":"books5","instId":"ETH-BTC"},"data":[{"asks":[["0.04482","1.867769","0","6"],["0.04483","8.864945","0","10"],["0.04484","17.633738","0","10"],["0.04485","8.790336","0","8"],["0.04486","3.19789","0","11"]],"bids":[["0.04481","1.204402","0","8"],["0.0448","1.798762","0","22"],["0.04479","4.463616","0","9"],["0.04478","12.060234","0","10"],["0.04477","5.33649","0","13"]],"instId":"ETH-BTC","ts":"1722884315306","seqId":1684050932}]}
{"arg":{"channel":"books5","instId":"ETH-BTC"},"data":[{"asks":[["0.04482","2.35407","0","8"],["0.04483","8.729749","0","9"],["0.04484","17.633738","0","10"],["0.04485","8.790336","0","8"],["0.04486","3.19789","0","11"]],"bids":[["0.04481","0.921652","0","7"],["0.0448","1.798762","0","22"],["0.04479","4.463616","0","9"],["0.04478","12.060234","0","10"],["0.04477","5.33649","0","13"]],"instId":"ETH-BTC","ts":"1722884315506","seqId":1684050936}]}
{"arg":{"channel":"books5","instId":"ETH-BTC"},"data":[{"asks":[["0.04482","2.35407","0","8"],["0.04483","8.729749","0","9"],["0.04484","17.633738","0","10"],["0.04485","8.790336","0","8"],["0.04486","3.19789","0","11"]],"bids":[["0.04481","0.921652","0","7"],["0.0448","2.625862","0","23"],["0.04479","4.463616","0","9"],["0.04478","14.671504","0","11"],["0.04477","5.33649","0","13"]],"instId":"ETH-BTC","ts":"1722884315706","seqId":1684050947}]}
{"arg":{"channel":"books5","instId":"ETH-BTC"},"data":[{"asks":[["0.04482","6.35407","0","9"],["0.04483","8.729749","0","9"],["0.04484","17.633738","0","10"],["0.04485","8.790336","0","8"],["0.04486","3.19789","0","11"]],"bids":[["0.04481","0.921652","0","7"],["0.0448","2.625862","0","23"],["0.04479","4.463616","0","9"],["0.04478","14.671504","0","11"],["0.04477","5.33649","0","13"]],"instId":"ETH-BTC","ts":"1722884315906","seqId":1684050950}]}
{"arg":{"channel":"books5","instId":"ETH-BTC"},"data":[{"asks":[["0.04482","1.332935","0","5"],["0.04483","8.729749","0","9"],["0.04484","17.633738","0","10"],["0.04485","8.790336","0","8"],["0.04486","3.19789","0","11"]],"bids":[["0.04481","0.921652","0","7"],["0.0448","2.625862","0","23"],["0.04479","4.463616","0","9"],["0.04478","14.671504","0","11"],["0.04477","5.33649","0","13"]],"instId":"ETH-BTC","ts":"1722884316006","seqId":1684050954}]}
{"arg":{"channel":"books5","instId":"ETH-BTC"},"data":[{"asks":[["0.04482","1.019676","0","3"],["0.04483","6.062313","0","7"],["0.04484","17.633738","0","10"],["0.04485","8.790336","0","8"],["0.04486","4.085193","0","12"]],"bids":[["0.04481","1.202852","0","8"],["0.0448","2.625862","0","23"],["0.04479","4.463616","0","9"],["0.04478","14.671504","0","11"],["0.04477","5.33649","0","13"]],"instId":"ETH-BTC","ts":"1722884316306","seqId":1684050966}]}
{"arg":{"channel":"books5","instId":"ETH-BTC"},"data":[{"asks":[["0.04482","1.564408","0","5"],["0.04483","8.04655","0","9"],["0.04484","15.858435","0","10"],["0.04485","4.607517","0","7"],["0.04486","3.807411","0","13"]],"bids":[["0.04481","0.916652","0","6"],["0.0448","1.798762","0","22"],["0.04479","4.463616","0","9"],["0.04478","12.445837","0","9"],["0.04477","5.33649","0","13"]],"instId":"ETH-BTC","ts":"1722884316406","seqId":1684050989}]}
{"arg":{"channel":"books5","instId":"ETH-BTC"},"data":[{"asks":[["0.04482","1.189379","0","4"],["0.04483","5.597618","0","5"],["0.04484","16.970198","0","11"],["0.04485","4.607517","0","7"],["0.04486","3.510795","0","12"]],"bids":[["0.04481","0.916752","0","7"],["0.0448","1.798762","0","22"],["0.04479","4.463616","0","9"],["0.04478","12.724601","0","10"],["0.04477","5.33649","0","13"]],"instId":"ETH-BTC","ts":"1722884316506","seqId":1684051011}]}
{"arg":{"channel":"books5","instId":"ETH-BTC"},"data":[{"asks":[["0.04482","1.189379","0","4"],["0.04483","0.927988","0","5"],["0.04484","16.695703","0","10"],["0.04485","4.882012","0","8"],["0.04486","7.977609","0","14"]],"bids":[["0.04481","1.479152","0","9"],["0.0448","2.080765","0","23"],["0.04479","4.463616","0","9"],["0.04478","12.724601","0","10"],["0.04477","5.33649","0","13"]],"instId":"ETH-BTC","ts":"1722884316606","seqId":1684051028}]}
{"arg":{"channel":"books5","instId":"ETH-BTC"},"data":[{"asks":[["0.04482","0.304899","0","2"],["0.04483","1.1046","0","5"],["0.04484","15.58394","0","9"],["0.04485","5.163793","0","9"],["0.04486","9.897841","0","14"]],"bids":[["0.04481","1.707363","0","10"],["0.0448","2.679654","0","23"],["0.04479","11.969596","0","11"],["0.04478","8.278056","0","8"],["0.04477","2.905513","0","13"]],"instId":"ETH-BTC","ts":"1722884316706","seqId":1684051051}]}
{"arg":{"channel":"books5","instId":"ETH-BTC"},"data":[{"asks":[["0.04482","0.304899","0","2"],["0.04483","1.368812","0","6"],["0.04484","17.391047","0","10"],["0.04485","5.163793","0","9"],["0.04486","9.897841","0","14"]],"bids":[["0.04481","1.707363","0","10"],["0.0448","2.679654","0","23"],["0.04479","11.969596","0","11"],["0.04478","9.16556","0","9"],["0.04477","2.905513","0","13"]],"instId":"ETH-BTC","ts":"1722884316806","seqId":1684051056}]}
{"arg":{"channel":"books5","instId":"ETH-BTC"},"data":[{"asks":[["0.04482","0.004899","0","1"],["0.04483","0.612173","0","3"],["0.04484","16.563947","0","9"],["0.04485","5.163793","0","9"],["0.04486","9.897841","0","14"]],"bids":[["0.04481","2.007363","0","11"],["0.0448","2.679654","0","23"],["0.04479","11.969596","0","11"],["0.04478","9.16556","0","9"],["0.04477","2.905513","0","13"]],"instId":"ETH-BTC","ts":"1722884316906","seqId":1684051062}]}
{"arg":{"channel":"books5","instId":"ETH-BTC"},"data":[{"asks":[["0.04482","0.004899","0","1"],["0.04483","0.286199","0","2"],["0.04484","13.155566","0","9"],["0.04485","9.331574","0","10"],["0.04486","9.897841","0","14"]],"bids":[["0.04481","2.007363","0","11"],["0.0448","2.679654","0","23"],["0.04479","11.969596","0","11"],["0.04478","8.278056","0","8"],["0.04477","2.905513","0","13"]],"instId":"ETH-BTC","ts":"1722884317006","seqId":1684051073}]}
{"arg":{"channel":"books5","instId":"ETH-BTC"},"data":[{"asks":[["0.04483","0.286199","0","2"],["0.04484","13.155566","0","9"],["0.04485","9.331574","0","10"],["0.04486","10.194457","0","15"],["0.04487","4.931254","0","7"]],"bids":[["0.04482","2.08818","0","3"],["0.04481","1.400383","0","10"],["0.0448","2.679654","0","23"],["0.04479","11.969596","0","11"],["0.04478","8.278056","0","8"]],"instId":"ETH-BTC","ts":"1722884317106","seqId":1684051079}]}
{"arg":{"channel":"books5","instId":"ETH-BTC"},"data":[{"asks":[["0.04483","0.421395","0","3"],["0.04484","13.02037","0","8"],["0.04485","9.331574","0","10"],["0.04486","10.194457","0","15"],["0.04487","4.931254","0","7"]],"bids":[["0.04482","2.08818","0","3"],["0.04481","1.400383","0","10"],["0.0448","2.679654","0","23"],["0.04479","11.969596","0","11"],["0.04478","8.278056","0","8"]],"instId":"ETH-BTC","ts":"1722884317306","seqId":1684051081}]}
{"arg":{"channel":"books5","instId":"ETH-BTC"},"data":[{"asks":[["0.04483","0.421395","0","3"],["0.04484","13.02037","0","8"],["0.04485","9.331574","0","10"],["0.04486","10.194457","0","15"],["0.04487","4.931254","0","7"]],"bids":[["0.04482","1.80698","0","2"],["0.04481","2.600383","0","11"],["0.0448","2.679654","0","23"],["0.04479","11.969596","0","11"],["0.04478","8.278056","0","8"]],"instId":"ETH-BTC","ts":"1722884317406","seqId":1684051087}]}
{"arg":{"channel":"books5","instId":"ETH-BTC"},"data":[{"asks":[["0.04483","0.421395","0","3"],["0.04484","12.26097","0","7"],["0.04485","9.331574","0","10"],["0.04486","10.194457","0","15"],["0.04487","4.931254","0","7"]],"bids":[["0.04482","2.08818","0","3"],["0.04481","2.600383","0","11"],["0.0448","2.679654","0","23"],["0.04479","11.969596","0","11"],["0.04478","8.278056","0","8"]],"instId":"ETH-BTC","ts":"1722884317506","seqId":1684051089}]}
{"arg":{"channel":"books5","instId":"ETH-BTC"},"data":[{"asks":[["0.04483","0.286199","0","2"],["0.04484","11.444519","0","8"],["0.04485","9.331574","0","10"],["0.04486","10.194457","0","15"],["0.04487","4.931254","0","7"]],"bids":[["0.04482","2.597591","0","5"],["0.04481","3.199272","0","11"],["0.0448","5.406702","0","24"],["0.04479","11.969596","0","11"],["0.04478","5.666786","0","7"]],"instId":"ETH-BTC","ts":"1722884317606","seqId":1684051101}]}
{"arg":{"channel":"books5","instId":"ETH-BTC"},"data":[{"asks":[["0.04483","0.286199","0","2"],["0.04484","11.444519","0","8"],["0.04485","9.331574","0","10"],["0.04486","10.194457","0","15"],["0.04487","4.931254","0","7"]],"bids":[["0.04482","2.597591","0","5"],["0.04481","3.199272","0","11"],["0.0448","5.406702","0","24"],["0.04479","11.969596","0","11"],["0.04478","6.55429","0","8"]],"instId":"ETH-BTC","ts":"1722884317906","seqId":1684051106}]}
{"arg":{"channel":"books5","instId":"ETH-BTC"},"data":[{"asks":[["0.04483","0.286199","0","2"],["0.04484","7.450066","0","8"],["0.04485","9.049793","0","9"],["0.04486","9.897841","0","14"],["0.04487","4.931254","0","7"]],"bids":[["0.04482","2.597591","0","5"],["0.04481","3.199272","0","11"],["0.0448","5.406702","0","24"],["0.04479","11.969596","0","11"],["0.04478","6.55429","0","8"]],"instId":"ETH-BTC","ts":"1722884318006","seqId":1684051110}]}
{"arg":{"channel":"books5","instId":"ETH-BTC"},"data":[{"asks":[["0.04483","0.421395","0","3"],["0.04484","7.31487","0","7"],["0.04485","9.049793","0","9"],["0.04486","9.085327","0","15"],["0.04487","4.043951","0","6"]],"bids":[["0.04482","2.316391","0","4"],["0.04481","3.199272","0","11"],["0.0448","5.406702","0","24"],["0.04479","11.969596","0","11"],["0.04478","6.55429","0","8"]],"instId":"ETH-BTC","ts":"1722884318106","seqId":1684051121}]}
{"arg":{"channel":"books5","instId":"ETH-BTC"},"data":[{"asks":[["0.04483","0.421395","0","3"],["0.04484","7.31487","0","7"],["0.04485","9.049793","0","9"],["0.04486","9.085327","0","15"],["0.04487","4.043951","0","6"]],"bids":[["0.04482","2.316391","0","4"],["0.04481","3.199272","0","11"],["0.0448","5.406702","0","24"],["0.04479","11.969596","0","11"],["0.04478","5.666786","0","7"]],"instId":"ETH-BTC","ts":"1722884318206","seqId":1684051122}]}
{"arg":{"channel":"books5","instId":"ETH-BTC"},"data":[{"asks":[["0.04483","0.286199","0","2"],["0.04484","7.31487","0","7"],["0.04485","9.184989","0","10"],["0.04486","9.085327","0","15"],["0.04487","4.043951","0","6"]],"bids":[["0.04482","2.316391","0","4"],["0.04481","3.199272","0","11"],["0.0448","5.406702","0","24"],["0.04479","11.969596","0","11"],["0.04478","5.666786","0","7"]],"instId":"ETH-BTC","ts":"1722884318406","seqId":1684051128}]}
{"arg":{"channel":"books5","instId":"ETH-BTC"},"data":[{"asks":[["0.04483","0.286199","0","2"],["0.04484","7.31487","0","7"],["0.04485","8.20089","0","8"],["0.04486","9.359822","0","16"],["0.04487","4.753555","0","7"]],"bids":[["0.04482","2.316391","0","4"],["0.04481","3.199272","0","11"],["0.0448","5.406702","0","24"],["0.04479","11.969596","0","11"],["0.04478","5.666786","0","7"]],"instId":"ETH-BTC","ts":"1722884318606","seqId":1684051134}]}
{"arg":{"channel":"books5","instId":"ETH-BTC"},"data":[{"asks":[["0.04483","0.286199","0","2"],["0.04484","7.31487","0","7"],["0.04485","8.20089","0","8"],["0.04486","9.359822","0","16"],["0.04487","4.753555","0","7"]],"bids":[["0.04482","2.316391","0","4"],["0.04481","3.199272","0","11"],["0.0448","7.501844","0","25"],["0.04479","9.876121","0","10"],["0.04478","5.666786","0","7"]],"instId":"ETH-BTC","ts":"1722884319006","seqId":1684051140}]}
{"arg":{"channel":"books5","instId":"ETH-BTC"},"data":[{"asks":[["0.04483","0.286199","0","2"],["0.04484","4.762138","0","5"],["0.04485","9.449654","0","9"],["0.04486","9.063206","0","15"],["0.04487","5.050171","0","8"]],"bids":[["0.04482","2.597591","0","5"],["0.04481","3.199272","0","11"],["0.0448","7.501844","0","25"],["0.04479","9.876121","0","10"],["0.04478","5.666786","0","7"]],"instId":"ETH-BTC","ts":"1722884319106","seqId":1684051148}]}
{"arg":{"channel":"books5","instId":"ETH-BTC"},"data":[{"asks":[["0.04483","0.286199","0","2"],["0.04484","4.762138","0","5"],["0.04485","9.249654","0","8"],["0.04486","9.263206","0","16"],["0.04487","5.050171","0","8"]],"bids":[["0.04482","2.597591","0","5"],["0.04481","3.199272","0","11"],["0.0448","7.501844","0","25"],["0.04479","9.876121","0","10"],["0.04478","5.666786","0","7"]],"instId":"ETH-BTC","ts":"1722884319206","seqId":1684051150}]}
{"arg":{"channel":"books5","instId":"ETH-BTC"},"data":[{"asks":[["0.04483","0.286199","0","2"],["0.04484","6.93251","0","6"],["0.04485","9.249654","0","8"],["0.04486","9.263206","0","16"],["0.04487","5.050171","0","8"]],"bids":[["0.04482","2.797591","0","6"],["0.04481","2.999272","0","10"],["0.0448","11.669625","0","26"],["0.04479","5.70834","0","9"],["0.04478","5.666786","0","7"]],"instId":"ETH-BTC","ts":"1722884319306","seqId":1684051155}]}
{"arg":{"channel":"books5","instId":"ETH-BTC"},"data":[{"asks":[["0.04483","0.286199","0","2"],["0.04484","2.172138","0","5"],["0.04485","13.435428","0","9"],["0.04486","9.263206","0","16"],["0.04487","5.050171","0","8"]],"bids":[["0.04482","2.797591","0","6"],["0.04481","2.999272","0","10"],["0.0448","11.669625","0","26"],["0.04479","5.70834","0","9"],["0.04478","5.666786","0","7"]],"instId":"ETH-BTC","ts":"1722884320006","seqId":1684051164}]}
{"arg":{"channel":"books5","instId":"ETH-BTC"},"data":[{"asks":[["0.04483","0.286199","0","2"],["0.04484","3.44001","0","6"],["0.04485","13.300232","0","8"],["0.04486","9.263206","0","16"],["0.04487","5.050171","0","8"]],"bids":[["0.04482","2.797591","0","6"],["0.04481","2.999272","0","10"],["0.0448","11.669625","0","26"],["0.04479","5.70834","0","9"],["0.04478","5.666786","0","7"]],"instId":"ETH-BTC","ts":"1722884320206","seqId":1684051172}]}
{"arg":{"channel":"books5","instId":"ETH-BTC"},"data":[{"asks":[["0.04483","0.286199","0","2"],["0.04484","3.44001","0","6"],["0.04485","13.300232","0","8"],["0.04486","8.950301","0","15"],["0.04487","4.753555","0","7"]],"bids":[["0.04482","2.797591","0","6"],["0.04481","2.999272","0","10"],["0.0448","11.669625","0","26"],["0.04479","5.70834","0","9"],["0.04478","5.666786","0","7"]],"instId":"ETH-BTC","ts":"1722884320506","seqId":1684051176}]}
{"arg":{"channel":"books5","instId":"ETH-BTC"},"data":[{"asks":[["0.04483","0.286199","0","2"],["0.04484","3.44001","0","6"],["0.04485","13.300232","0","8"],["0.04486","8.950301","0","15"],["0.04487","5.06646","0","8"]],"bids":[["0.04482","2.797591","0","6"],["0.04481","2.999272","0","10"],["0.0448","11.669625","0","26"],["0.04479","5.70834","0","9"],["0.04478","5.666786","0","7"]],"instId":"ETH-BTC","ts":"1722884321406","seqId":1684051181}]}
{"arg":{"channel":"books5","instId":"ETH-BTC"},"data":[{"asks":[["0.04483","0.286199","0","2"],["0.04484","2.172138","0","5"],["0.04485","13.300232","0","8"],["0.04486","8.950301","0","15"],["0.04487","6.250379","0","10"]],"bids":[["0.04482","2.797591","0","6"],["0.04481","2.999272","0","10"],["0.0448","11.669625","0","26"],["0.04479","5.70834","0","9"],["0.04478","5.666786","0","7"]],"instId":"ETH-BTC","ts":"1722884321506","seqId":1684051185}]}
{"arg":{"channel":"books5","instId":"ETH-BTC"},"data":[{"asks":[["0.04483","0.286199","0","2"],["0.04484","2.172138","0","5"],["0.04485","13.300232","0","8"],["0.04486","8.950301","0","15"],["0.04487","5.363076","0","9"]],"bids":[["0.04482","2.797591","0","6"],["0.04481","2.999272","0","10"],["0.0448","11.669625","0","26"],["0.04479","5.70834","0","9"],["0.04478","5.666786","0","7"]],"instId":"ETH-BTC","ts":"1722884321806","seqId":1684051186}]}
{"arg":{"channel":"books5","instId":"ETH-BTC"},"data":[{"asks":[["0.04483","0.286199","0","2"],["0.04484","3.289378","0","5"],["0.04485","13.300232","0","8"],["0.04486","8.950301","0","15"],["0.04487","6.250379","0","10"]],"bids":[["0.04482","2.797591","0","6"],["0.04481","2.999272","0","10"],["0.0448","11.669625","0","26"],["0.04479","5.70834","0","9"],["0.04478","5.666786","0","7"]],"instId":"ETH-BTC","ts":"1722884322006","seqId":1684051197}]}
{"arg":{"channel":"books5","instId":"ETH-BTC"},"data":[{"asks":[["0.04483","0.286199","0","2"],["0.04484","2.33343","0","5"],["0.04485","13.300232","0","8"],["0.04486","8.950301","0","15"],["0.04487","6.250379","0","10"]],"bids":[["0.04482","2.797591","0","6"],["0.04481","2.999272","0","10"],["0.0448","11.669625","0","26"],["0.04479","5.70834","0","9"],["0.04478","5.666786","0","7"]],"instId":"ETH-BTC","ts":"1722884322106","seqId":1684051200}]}
{"arg":{"channel":"books5","instId":"ETH-BTC"},"data":[{"asks":[["0.04483","0.286199","0","2"],["0.04484","3.472436","0","6"],["0.04485","13.300232","0","8"],["0.04486","8.950301","0","15"],["0.04487","6.250379","0","10"]],"bids":[["0.04482","2.797591","0","6"],["0.04481","2.999272","0","10"],["0.0448","11.669625","0","26"],["0.04479","5.70834","0","9"],["0.04478","5.666786","0","7"]],"instId":"ETH-BTC","ts":"1722884322206","seqId":1684051203}]}
{"arg":{"channel":"books5","instId":"ETH-BTC"},"data":[{"asks":[["0.04483","0.286199","0","2"],["0.04484","3.772436","0","7"],["0.04485","13.300232","0","8"],["0.04486","8.950301","0","15"],["0.04487","5.363076","0","9"]],"bids":[["0.04482","1.035191","0","3"],["0.04481","2.699272","0","9"],["0.0448","11.669625","0","26"],["0.04479","5.70834","0","9"],["0.04478","5.666786","0","7"]],"instId":"ETH-BTC","ts":"1722884322306","seqId":1684051209}]}
{"arg":{"channel":"books5","instId":"ETH-BTC"},"data":[{"asks":[["0.04483","0.394479","0","3"],["0.04484","4.599536","0","8"],["0.04485","13.300232","0","8"],["0.04486","10.896555","0","16"],["0.04487","5.363076","0","9"]],"bids":[["0.04482","1.035191","0","3"],["0.04481","2.699272","0","9"],["0.0448","9.448747","0","26"],["0.04479","9.876121","0","10"],["0.04478","5.666786","0","7"]],"instId":"ETH-BTC","ts":"1722884322606","seqId":1684051221}]}
{"arg":{"channel":"books5","instId":"ETH-BTC"},"data":[{"asks":[["0.04483","1.254009","0","5"],["0.04484","4.599536","0","8"],["0.04485","13.300232","0","8"],["0.04486","12.671362","0","18"],["0.04487","4.475572","0","8"]],"bids":[["0.04482","1.035191","0","3"],["0.04481","2.699272","0","9"],["0.0448","6.721699","0","25"],["0.04479","9.876121","0","10"],["0.04478","5.666786","0","7"]],"instId":"ETH-BTC","ts":"1722884322706","seqId":1684051238}]}
{"arg":{"channel":"books5","instId":"ETH-BTC"},"data":[{"asks":[["0.04483","0.845764","0","6"],["0.04484","4.599536","0","8"],["0.04485","13.300232","0","8"],["0.04486","13.280883","0","20"],["0.04487","3.866051","0","6"]],"bids":[["0.04482","1.035191","0","3"],["0.04481","2.699272","0","9"],["0.0448","6.721699","0","25"],["0.04479","9.876121","0","10"],["0.04478","5.666786","0","7"]],"instId":"ETH-BTC","ts":"1722884322806","seqId":1684051248}]}
{"arg":{"channel":"books5","instId":"ETH-BTC"},"data":[{"asks":[["0.04483","1.695657","0","8"],["0.04484","4.599536","0","8"],["0.04485","13.300232","0","8"],["0.04486","13.280883","0","20"],["0.04487","3.866051","0","6"]],"bids":[["0.04482","1.035191","0","3"],["0.04481","2.699272","0","9"],["0.0448","6.721699","0","25"],["0.04479","9.876121","0","10"],["0.04478","5.666786","0","7"]],"instId":"ETH-BTC","ts":"1722884323006","seqId":1684051254}]}
{"arg":{"channel":"books5","instId":"ETH-BTC"},"data":[{"asks":[["0.04483","0.394479","0","3"],["0.04484","3.46053","0","7"],["0.04485","9.114458","0","7"],["0.04486","13.280883","0","20"],["0.04487","3.866051","0","6"]],"bids":[["0.04482","1.316391","0","4"],["0.04481","2.699272","0","9"],["0.0448","6.721699","0","25"],["0.04479","9.876121","0","10"],["0.04478","5.666786","0","7"]],"instId":"ETH-BTC","ts":"1722884323106","seqId":1684051268}]}
{"arg":{"channel":"books5","instId":"ETH-BTC"},"data":[{"asks":[["0.04483","0.394479","0","3"],["0.04484","6.63343","0","7"],["0.04485","9.114458","0","7"],["0.04486","13.280883","0","20"],["0.04487","3.866051","0","6"]],"bids":[["0.04482","1.316391","0","4"],["0.04481","2.699272","0","9"],["0.0448","6.721699","0","25"],["0.04479","9.876121","0","10"],["0.04478","5.666786","0","7"]],"instId":"ETH-BTC","ts":"1722884323206","seqId":1684051272}]}
{"arg":{"channel":"books5","instId":"ETH-BTC"},"data":[{"asks":[["0.04483","0.707731","0","5"],["0.04484","7.892289","0","7"],["0.04485","9.411074","0","8"],["0.04486","12.984267","0","19"],["0.04487","3.866051","0","6"]],"bids":[["0.04482","1.316391","0","4"],["0.04481","2.999272","0","10"],["0.0448","6.721699","0","25"],["0.04479","9.876121","0","10"],["0.04478","5.666786","0","7"]],"instId":"ETH-BTC","ts":"1722884323306","seqId":1684051281}]}
{"arg":{"channel":"books5","instId":"ETH-BTC"},"data":[{"asks":[["0.04483","1.355641","0","6"],["0.04484","7.892289","0","7"],["0.04485","9.411074","0","8"],["0.04486","12.984267","0","19"],["0.04487","3.866051","0","6"]],"bids":[["0.04482","1.035191","0","3"],["0.04481","2.999272","0","10"],["0.0448","6.721699","0","25"],["0.04479","9.876121","0","10"],["0.04478","5.666786","0","7"]],"instId":"ETH-BTC","ts":"1722884323506","seqId":1684051283}]}
{"arg":{"channel":"books5","instId":"ETH-BTC"},"data":[{"asks":[["0.04483","1.109994","0","6"],["0.04484","7.892289","0","7"],["0.04485","9.411074","0","8"],["0.04486","12.984267","0","19"],["0.04487","3.866051","0","6"]],"bids":[["0.04482","0.835191","0","2"],["0.04481","2.999272","0","10"],["0.0448","6.721699","0","25"],["0.04479","6.537922","0","9"],["0.04478","5.666786","0","7"]],"instId":"ETH-BTC","ts":"1722884323706","seqId":1684051291}]}
{"arg":{"channel":"books5","instId":"ETH-BTC"},"data":[{"asks":[["0.04483","1.109994","0","6"],["0.04484","8.07983","0","7"],["0.04485","9.611074","0","9"],["0.04486","12.784267","0","18"],["0.04487","3.866051","0","6"]],"bids":[["0.04482","0.835191","0","2"],["0.04481","3.199272","0","11"],["0.0448","6.721699","0","25"],["0.04479","6.537922","0","9"],["0.04478","5.666786","0","7"]],"instId":"ETH-BTC","ts":"1722884323806","seqId":1684051304}]}
{"arg":{"channel":"books5","instId":"ETH-BTC"},"data":[{"asks":[["0.04483","0.394479","0","3"],["0.04484","5.406771","0","6"],["0.04485","9.611074","0","9"],["0.04486","12.784267","0","18"],["0.04487","3.866051","0","6"]],"bids":[["0.04482","1.116391","0","3"],["0.04481","3.199272","0","11"],["0.0448","6.721699","0","25"],["0.04479","6.537922","0","9"],["0.04478","5.666786","0","7"]],"instId":"ETH-BTC","ts":"1722884324006","seqId":1684051317}]}
{"arg":{"channel":"books5","instId":"ETH-BTC"},"data":[{"asks":[["0.04483","1.123759","0","6"],["0.04484","8.482214","0","7"],["0.04485","9.611074","0","9"],["0.04486","12.784267","0","18"],["0.04487","3.866051","0","6"]],"bids":[["0.04482","1.116391","0","3"],["0.04481","3.199272","0","11"],["0.0448","6.721699","0","25"],["0.04479","12.594247","0","10"],["0.04478","5.666786","0","7"]],"instId":"ETH-BTC","ts":"1722884324106","seqId":1684051325}]}
{"arg":{"channel":"books5","instId":"ETH-BTC"},"data":[{"asks":[["0.04483","1.123759","0","6"],["0.04484","8.482214","0","7"],["0.04485","9.611074","0","9"],["0.04486","12.784267","0","18"],["0.04487","3.866051","0","6"]],"bids":[["0.04482","0.835191","0","2"],["0.04481","3.199272","0","11"],["0.0448","6.721699","0","25"],["0.04479","12.594247","0","10"],["0.04478","5.666786","0","7"]],"instId":"ETH-BTC","ts":"1722884324206","seqId":1684051326}]}
{"arg":{"channel":"books5","instId":"ETH-BTC"},"data":[{"asks":[["0.04483","2.446249","0","8"],["0.04484","9.309314","0","8"],["0.04485","9.596239","0","9"],["0.04486","12.19358","0","18"],["0.04487","8.050942","0","7"]],"bids":[["0.04482","0.835191","0","2"],["0.04481","3.199272","0","11"],["0.0448","6.721699","0","25"],["0.04479","12.594247","0","10"],["0.04478","5.666786","0","7"]],"instId":"ETH-BTC","ts":"1722884324306","seqId":1684051336}]}
{"arg":{"channel":"books5","instId":"ETH-BTC"},"data":[{"asks":[["0.04483","0.694479","0","4"],["0.04484","6.940523","0","8"],["0.04485","9.531018","0","10"],["0.04486","10.993171","0","16"],["0.04487","8.623483","0","8"]],"bids":[["0.04482","0.835191","0","2"],["0.04481","2.372172","0","10"],["0.0448","4.774796","0","24"],["0.04479","10.373369","0","10"],["0.04478","5.666786","0","7"]],"instId":"ETH-BTC","ts":"1722884324406","seqId":1684051373}]}
{"arg":{"channel":"books5","instId":"ETH-BTC"},"data":[{"asks":[["0.04483","2.039876","0","8"],["0.04484","7.799531","0","10"],["0.04485","9.249237","0","9"],["0.04486","11.306076","0","17"],["0.04487","10.39829","0","10"]],"bids":[["0.04482","0.60698","0","1"],["0.04481","2.300383","0","10"],["0.0448","4.774796","0","24"],["0.04479","14.54115","0","11"],["0.04478","5.666786","0","7"]],"instId":"ETH-BTC","ts":"1722884324506","seqId":1684051391}]}
{"arg":{"channel":"books5","instId":"ETH-BTC"},"data":[{"asks":[["0.04483","0.694479","0","4"],["0.04484","7.799531","0","10"],["0.04485","9.249237","0","9"],["0.04486","11.306076","0","17"],["0.04487","10.39829","0","10"]],"bids":[["0.04482","0.835191","0","2"],["0.04481","2.300383","0","10"],["0.0448","4.774796","0","24"],["0.04479","14.54115","0","11"],["0.04478","5.666786","0","7"]],"instId":"ETH-BTC","ts":"1722884324606","seqId":1684051403}]}
{"arg":{"channel":"books5","instId":"ETH-BTC"},"data":[{"asks":[["0.04483","3.130089","0","6"],["0.04484","12.29252","0","10"],["0.04485","5.363237","0","9"],["0.04486","11.306076","0","17"],["0.04487","10.39829","0","10"]],"bids":[["0.04481","2.300383","0","10"],["0.0448","4.774796","0","24"],["0.04479","8.484825","0","10"],["0.04478","5.666786","0","7"],["0.04477","2.830122","0","12"]],"instId":"ETH-BTC","ts":"1722884324706","seqId":1684051414}]}
{"arg":{"channel":"books5","instId":"ETH-BTC"},"data":[{"asks":[["0.04482","0.2812","0","1"],["0.04483","3.130089","0","6"],["0.04484","12.29252","0","10"],["0.04485","5.363237","0","9"],["0.04486","11.306076","0","17"]],"bids":[["0.04481","1.426163","0","9"],["0.0448","2.679654","0","23"],["0.04479","10.088884","0","11"],["0.04478","9.834567","0","8"],["0.04477","2.830122","0","12"]],"instId":"ETH-BTC","ts":"1722884324806","seqId":1684051437}]}
{"arg":{"channel":"books5","instId":"ETH-BTC"},"data":[{"asks":[["0.04482","0.2812","0","1"],["0.04483","2.830089","0","5"],["0.04484","11.99252","0","9"],["0.04485","5.363237","0","9"],["0.04486","11.306076","0","17"]],"bids":[["0.04481","2.253263","0","10"],["0.0448","2.979654","0","24"],["0.04479","10.088884","0","11"],["0.04478","9.834567","0","8"],["0.04477","2.830122","0","12"]],"instId":"ETH-BTC","ts":"1722884325006","seqId":1684051444}]}
{"arg":{"channel":"books5","instId":"ETH-BTC"},"data":[{"asks":[["0.04482","0.2812","0","1"],["0.04483","3.040485","0","6"],["0.04484","11.16542","0","8"],["0.04485","5.363237","0","9"],["0.04486","11.306076","0","17"]],"bids":[["0.04481","2.534463","0","11"],["0.0448","2.979654","0","24"],["0.04479","10.088884","0","11"],["0.04478","9.834567","0","8"],["0.04477","5.220002","0","13"]],"instId":"ETH-BTC","ts":"1722884325106","seqId":1684051457}]}
{"arg":{"channel":"books5","instId":"ETH-BTC"},"data":[{"asks":[["0.04482","0.2812","0","1"],["0.04483","3.040485","0","6"],["0.04484","11.16542","0","8"],["0.04485","5.676142","0","10"],["0.04486","10.993171","0","16"]],"bids":[["0.04481","2.534463","0","11"],["0.0448","2.979654","0","24"],["0.04479","10.088884","0","11"],["0.04478","9.834567","0","8"],["0.04477","6.107506","0","14"]],"instId":"ETH-BTC","ts":"1722884325206","seqId":1684051462}]}
{"arg":{"channel":"books5","instId":"ETH-BTC"},"data":[{"asks":[["0.04482","0.2812","0","1"],["0.04483","0.735444","0","5"],["0.04484","11.16542","0","8"],["0.04485","5.676142","0","10"],["0.04486","10.993171","0","16"]],"bids":[["0.04481","2.534463","0","11"],["0.0448","2.979654","0","24"],["0.04479","10.088884","0","11"],["0.04478","9.834567","0","8"],["0.04477","5.220002","0","13"]],"instId":"ETH-BTC","ts":"1722884325306","seqId":1684051468}]}
{"arg":{"channel":"books5","instId":"ETH-BTC"},"data":[{"asks":[["0.04482","0.2812","0","1"],["0.04483","1.766615","0","6"],["0.04484","11.16542","0","8"],["0.04485","5.676142","0","10"],["0.04486","10.993171","0","16"]],"bids":[["0.04481","3.734463","0","12"],["0.0448","2.979654","0","24"],["0.04479","10.088884","0","11"],["0.04478","9.834567","0","8"],["0.04477","5.220002","0","13"]],"instId":"ETH-BTC","ts":"1722884325406","seqId":1684051470}]}
{"arg":{"channel":"books5","instId":"ETH-BTC"},"data":[{"asks":[["0.04482","0.2812","0","1"],["0.04483","1.766615","0","6"],["0.04484","11.16542","0","8"],["0.04485","5.676142","0","10"],["0.04486","10.993171","0","16"]],"bids":[["0.04481","3.734463","0","12"],["0.0448","2.979654","0","24"],["0.04479","14.256665","0","12"],["0.04478","5.666786","0","7"],["0.04477","5.220002","0","13"]],"instId":"ETH-BTC","ts":"1722884325506","seqId":1684051472}]}
{"arg":{"channel":"books5","instId":"ETH-BTC"},"data":[{"asks":[["0.04482","0.2812","0","1"],["0.04483","3.214367","0","7"],["0.04484","11.16542","0","8"],["0.04485","5.676142","0","10"],["0.04486","10.993171","0","16"]],"bids":[["0.04481","3.734463","0","12"],["0.0448","2.979654","0","24"],["0.04479","14.256665","0","12"],["0.04478","5.666786","0","7"],["0.04477","5.418576","0","14"]],"instId":"ETH-BTC","ts":"1722884325606","seqId":1684051480}]}
{"arg":{"channel":"books5","instId":"ETH-BTC"},"data":[{"asks":[["0.04482","0.2812","0","1"],["0.04483","3.214367","0","7"],["0.04484","11.16542","0","8"],["0.04485","5.676142","0","10"],["0.04486","10.993171","0","16"]],"bids":[["0.04481","3.734463","0","12"],["0.0448","2.979654","0","24"],["0.04479","14.256665","0","12"],["0.04478","5.666786","0","7"],["0.04477","6.30608","0","15"]],"instId":"ETH-BTC","ts":"1722884326006","seqId":1684051481}]}
{"arg":{"channel":"books5","instId":"ETH-BTC"},"data":[{"asks":[["0.04482","0.2812","0","1"],["0.04483","7.402877","0","8"],["0.04484","11.99252","0","9"],["0.04485","5.676142","0","10"],["0.04486","10.696555","0","15"]],"bids":[["0.04481","1.707363","0","10"],["0.0448","2.979654","0","24"],["0.04479","14.256665","0","12"],["0.04478","5.666786","0","7"],["0.04477","5.418576","0","14"]],"instId":"ETH-BTC","ts":"1722884326106","seqId":1684051494}]}
{"arg":{"channel":"books5","instId":"ETH-BTC"},"data":[{"asks":[["0.04482","0.2812","0","1"],["0.04483","7.402877","0","8"],["0.04484","11.99252","0","9"],["0.04485","5.676142","0","10"],["0.04486","10.993171","0","16"]],"bids":[["0.04481","1.707363","0","10"],["0.0448","2.979654","0","24"],["0.04479","14.256665","0","12"],["0.04478","5.666786","0","7"],["0.04477","5.418576","0","14"]],"instId":"ETH-BTC","ts":"1722884326206","seqId":1684051495}]}
{"arg":{"channel":"books5","instId":"ETH-BTC"},"data":[{"asks":[["0.04482","0.2812","0","1"],["0.04483","3.214367","0","7"],["0.04484","11.99252","0","9"],["0.04485","5.676142","0","10"],["0.04486","10.993171","0","16"]],"bids":[["0.04481","2.907363","0","11"],["0.0448","2.979654","0","24"],["0.04479","14.256665","0","12"],["0.04478","5.666786","0","7"],["0.04477","5.418576","0","14"]],"instId":"ETH-BTC","ts":"1722884326306","seqId":1684051498}]}
{"arg":{"channel":"books5","instId":"ETH-BTC"},"data":[{"asks":[["0.04482","0.5812","0","2"],["0.04483","3.514367","0","8"],["0.04484","11.99252","0","9"],["0.04485","5.676142","0","10"],["0.04486","10.993171","0","16"]],"bids":[["0.04481","2.907363","0","11"],["0.0448","2.679654","0","23"],["0.04479","14.256665","0","12"],["0.04478","5.666786","0","7"],["0.04477","5.418576","0","14"]],"instId":"ETH-BTC","ts":"1722884326406","seqId":1684051506}]}
{"arg":{"channel":"books5","instId":"ETH-BTC"},"data":[{"asks":[["0.04482","0.5812","0","2"],["0.04483","3.514367","0","8"],["0.04484","16.180826","0","10"],["0.04485","5.676142","0","10"],["0.04486","10.993171","0","16"]],"bids":[["0.04481","2.679152","0","10"],["0.0448","2.907865","0","24"],["0.04479","14.256665","0","12"],["0.04478","5.666786","0","7"],["0.04477","5.418576","0","14"]],"instId":"ETH-BTC","ts":"1722884326806","seqId":1684051513}]}
{"arg":{"channel":"books5","instId":"ETH-BTC"},"data":[{"asks":[["0.04482","0.5812","0","2"],["0.04483","3.514367","0","8"],["0.04484","16.180826","0","10"],["0.04485","5.676142","0","10"],["0.04486","10.993171","0","16"]],"bids":[["0.04481","2.707363","0","10"],["0.0448","2.879654","0","24"],["0.04479","14.256665","0","12"],["0.04478","5.666786","0","7"],["0.04477","5.418576","0","14"]],"instId":"ETH-BTC","ts":"1722884327006","seqId":1684051517}]}
{"arg":{"channel":"books5","instId":"ETH-BTC"},"data":[{"asks":[["0.04483","0.394479","0","3"],["0.04484","14.614213","0","8"],["0.04485","5.676142","0","10"],["0.04486","10.993171","0","16"],["0.04487","11.418249","0","12"]],"bids":[["0.04481","3.306252","0","10"],["0.0448","3.407865","0","26"],["0.04479","14.256665","0","12"],["0.04478","5.666786","0","7"],["0.04477","5.418576","0","14"]],"instId":"ETH-BTC","ts":"1722884327206","seqId":1684051530}]}
{"arg":{"channel":"books5","instId":"ETH-BTC"},"data":[{"asks":[["0.04483","1.829968","0","6"],["0.04484","12.563811","0","8"],["0.04485","9.843923","0","11"],["0.04486","10.993171","0","16"],["0.04487","10.530946","0","11"]],"bids":[["0.04482","0.835191","0","2"],["0.04481","2.699272","0","9"],["0.0448","3.179654","0","25"],["0.04479","14.256665","0","12"],["0.04478","8.357281","0","8"]],"instId":"ETH-BTC","ts":"1722884327306","seqId":1684051556}]}
{"arg":{"channel":"books5","instId":"ETH-BTC"},"data":[{"asks":[["0.04483","1.829968","0","6"],["0.04484","8.381052","0","8"],["0.04485","9.249237","0","9"],["0.04486","11.00946","0","16"],["0.04487","10.530946","0","11"]],"bids":[["0.04482","0.835191","0","2"],["0.04481","2.699272","0","9"],["0.0448","5.275191","0","26"],["0.04479","12.160196","0","11"],["0.04478","8.357281","0","8"]],"instId":"ETH-BTC","ts":"1722884327406","seqId":1684051567}]}
{"arg":{"channel":"books5","instId":"ETH-BTC"},"data":[{"asks":[["0.04482","0.50557","0","2"],["0.04483","2.513202","0","6"],["0.04484","16.226376","0","10"],["0.04485","5.363237","0","9"],["0.04486","9.063206","0","15"]],"bids":[["0.04481","1.507363","0","9"],["0.0448","5.275191","0","26"],["0.04479","4.317044","0","9"],["0.04478","8.357281","0","8"],["0.04477","3.9162","0","14"]],"instId":"ETH-BTC","ts":"1722884327506","seqId":1684051600}]}
{"arg":{"channel":"books5","instId":"ETH-BTC"},"data":[{"asks":[["0.04482","0.818824","0","3"],["0.04483","4.176291","0","7"],["0.04484","12.038115","0","9"],["0.04485","5.363237","0","9"],["0.04486","10.247125","0","17"]],"bids":[["0.04481","1.507363","0","9"],["0.0448","3.179654","0","25"],["0.04479","4.317044","0","9"],["0.04478","12.525062","0","9"],["0.04477","2.830122","0","12"]],"instId":"ETH-BTC","ts":"1722884327606","seqId":1684051619}]}
{"arg":{"channel":"books5","instId":"ETH-BTC"},"data":[{"asks":[["0.04482","0.990549","0","4"],["0.04483","4.176291","0","7"],["0.04484","12.038115","0","9"],["0.04485","5.363237","0","9"],["0.04486","10.247125","0","17"]],"bids":[["0.04481","1.226163","0","8"],["0.0448","3.179654","0","25"],["0.04479","4.317044","0","9"],["0.04478","12.525062","0","9"],["0.04477","2.830122","0","12"]],"instId":"ETH-BTC","ts":"1722884327706","seqId":1684051621}]}
{"arg":{"channel":"books5","instId":"ETH-BTC"},"data":[{"asks":[["0.04482","1.025707","0","5"],["0.04483","4.176291","0","7"],["0.04484","12.038115","0","9"],["0.04485","5.363237","0","9"],["0.04486","9.359822","0","16"]],"bids":[["0.04481","0.944963","0","7"],["0.0448","3.179654","0","25"],["0.04479","4.317044","0","9"],["0.04478","12.525062","0","9"],["0.04477","2.830122","0","12"]],"instId":"ETH-BTC","ts":"1722884327806","seqId":1684051632}]}
{"arg":{"channel":"books5","instId":"ETH-BTC"},"data":[{"asks":[["0.04482","1.025707","0","5"],["0.04483","4.176291","0","7"],["0.04484","12.038115","0","9"],["0.04485","5.363237","0","9"],["0.04486","10.247125","0","17"]],"bids":[["0.04481","0.944963","0","7"],["0.0448","3.179654","0","25"],["0.04479","4.317044","0","9"],["0.04478","12.525062","0","9"],["0.04477","2.830122","0","12"]],"instId":"ETH-BTC","ts":"1722884328006","seqId":1684051634}]}
{"arg":{"channel":"books5","instId":"ETH-BTC"},"data":[{"asks":[["0.04482","1.14482","0","5"],["0.04483","4.176291","0","7"],["0.04484","12.038115","0","9"],["0.04485","5.363237","0","9"],["0.04486","10.247125","0","17"]],"bids":[["0.04481","2.053263","0","9"],["0.0448","3.179654","0","25"],["0.04479","4.317044","0","9"],["0.04478","12.525062","0","9"],["0.04477","2.830122","0","12"]],"instId":"ETH-BTC","ts":"1722884328106","seqId":1684051643}]}
{"arg":{"channel":"books5","instId":"ETH-BTC"},"data":[{"asks":[["0.04482","0.50557","0","2"],["0.04483","3.384777","0","6"],["0.04484","15.398531","0","9"],["0.04485","5.363237","0","9"],["0.04486","10.247125","0","17"]],"bids":[["0.04481","2.334463","0","10"],["0.0448","3.179654","0","25"],["0.04479","6.412532","0","10"],["0.04478","12.525062","0","9"],["0.04477","2.830122","0","12"]],"instId":"ETH-BTC","ts":"1722884328206","seqId":1684051653}]}
{"arg":{"channel":"books5","instId":"ETH-BTC"},"data":[{"asks":[["0.04482","0.50557","0","2"],["0.04483","1.473301","0","4"],["0.04484","14.926328","0","9"],["0.04485","5.363237","0","9"],["0.04486","8.750301","0","14"]],"bids":[["0.04481","3.534463","0","11"],["0.0448","3.179654","0","25"],["0.04479","6.412532","0","10"],["0.04478","12.525062","0","9"],["0.04477","2.830122","0","12"]],"instId":"ETH-BTC","ts":"1722884328306","seqId":1684051671}]}
{"arg":{"channel":"books5","instId":"ETH-BTC"},"data":[{"asks":[["0.04482","0.50557","0","2"],["0.04483","3.399903","0","5"],["0.04484","14.613423","0","8"],["0.04485","5.363237","0","9"],["0.04486","8.750301","0","14"]],"bids":[["0.04481","3.534463","0","11"],["0.0448","3.179654","0","25"],["0.04479","6.412532","0","10"],["0.04478","12.525062","0","9"],["0.04477","2.830122","0","12"]],"instId":"ETH-BTC","ts":"1722884328406","seqId":1684051681}]}
{"arg":{"channel":"books5","instId":"ETH-BTC"},"data":[{"asks":[["0.04482","0.50557","0","2"],["0.04483","3.399903","0","5"],["0.04484","15.440523","0","9"],["0.04485","5.363237","0","9"],["0.04486","9.063206","0","15"]],"bids":[["0.04481","2.707363","0","10"],["0.0448","3.179654","0","25"],["0.04479","6.412532","0","10"],["0.04478","12.525062","0","9"],["0.04477","3.717626","0","13"]],"instId":"ETH-BTC","ts":"1722884328506","seqId":1684051694}]}
{"arg":{"channel":"books5","instId":"ETH-BTC"},"data":[{"asks":[["0.04482","0.50557","0","2"],["0.04483","3.399903","0","5"],["0.04484","11.252982","0","8"],["0.04485","5.363237","0","9"],["0.04486","9.063206","0","15"]],"bids":[["0.04481","2.707363","0","10"],["0.0448","3.179654","0","25"],["0.04479","4.317044","0","9"],["0.04478","12.525062","0","9"],["0.04477","2.830122","0","12"]],"instId":"ETH-BTC","ts":"1722884328606","seqId":1684051700}]}
{"arg":{"channel":"books5","instId":"ETH-BTC"},"data":[{"asks":[["0.04482","0.50557","0","2"],["0.04483","3.399903","0","5"],["0.04484","11.252982","0","8"],["0.04485","5.363237","0","9"],["0.04486","9.063206","0","15"]],"bids":[["0.04481","2.707363","0","10"],["0.0448","3.179654","0","25"],["0.04479","7.774678","0","10"],["0.04478","12.525062","0","9"],["0.04477","2.830122","0","12"]],"instId":"ETH-BTC","ts":"1722884328706","seqId":1684051704}]}
{"arg":{"channel":"books5","instId":"ETH-BTC"},"data":[{"asks":[["0.04482","0.50557","0","2"],["0.04483","3.699903","0","6"],["0.04484","11.252982","0","8"],["0.04485","5.363237","0","9"],["0.04486","9.063206","0","15"]],"bids":[["0.04481","1.507363","0","9"],["0.0448","3.179654","0","25"],["0.04479","4.317044","0","9"],["0.04478","12.525062","0","9"],["0.04477","2.830122","0","12"]],"instId":"ETH-BTC","ts":"1722884328806","seqId":1684051709}]}
{"arg":{"channel":"books5","instId":"ETH-BTC"},"data":[{"asks":[["0.04482","0.50557","0","2"],["0.04483","2.538868","0","6"],["0.04484","14.926371","0","9"],["0.04485","5.363237","0","9"],["0.04486","8.750301","0","14"]],"bids":[["0.04481","2.053263","0","9"],["0.0448","5.275037","0","26"],["0.04479","4.317044","0","9"],["0.04478","12.525062","0","9"],["0.04477","2.830122","0","12"]],"instId":"ETH-BTC","ts":"1722884328906","seqId":1684051721}]}
{"arg":{"channel":"books5","instId":"ETH-BTC"},"data":[{"asks":[["0.04482","0.50557","0","2"],["0.04483","2.238868","0","5"],["0.04484","14.926371","0","9"],["0.04485","5.363237","0","9"],["0.04486","8.750301","0","14"]],"bids":[["0.04481","2.334463","0","10"],["0.0448","5.275037","0","26"],["0.04479","7.769366","0","10"],["0.04478","12.525062","0","9"],["0.04477","2.830122","0","12"]],"instId":"ETH-BTC","ts":"1722884329006","seqId":1684051730}]}
{"arg":{"channel":"books5","instId":"ETH-BTC"},"data":[{"asks":[["0.04482","0.50557","0","2"],["0.04483","3.736642","0","6"],["0.04484","14.613466","0","8"],["0.04485","5.676142","0","10"],["0.04486","8.750301","0","14"]],"bids":[["0.04481","2.334463","0","10"],["0.0448","5.275037","0","26"],["0.04479","7.769366","0","10"],["0.04478","12.525062","0","9"],["0.04477","2.830122","0","12"]],"instId":"ETH-BTC","ts":"1722884329106","seqId":1684051737}]}
{"arg":{"channel":"books5","instId":"ETH-BTC"},"data":[{"asks":[["0.04482","0.50557","0","2"],["0.04483","3.736642","0","6"],["0.04484","14.613466","0","8"],["0.04485","5.676142","0","10"],["0.04486","9.637604","0","15"]],"bids":[["0.04481","2.334463","0","10"],["0.0448","5.275037","0","26"],["0.04479","7.769366","0","10"],["0.04478","12.525062","0","9"],["0.04477","2.830122","0","12"]],"instId":"ETH-BTC","ts":"1722884329206","seqId":1684051738}]}
{"arg":{"channel":"books5","instId":"ETH-BTC"},"data":[{"asks":[["0.04482","0.50557","0","2"],["0.04483","3.736642","0","6"],["0.04484","14.613466","0","8"],["0.04485","5.676142","0","10"],["0.04486","9.637604","0","15"]],"bids":[["0.04481","3.534463","0","11"],["0.0448","5.275037","0","26"],["0.04479","7.769366","0","10"],["0.04478","12.525062","0","9"],["0.04477","2.830122","0","12"]],"instId":"ETH-BTC","ts":"1722884329306","seqId":1684051739}]}
{"arg":{"channel":"books5","instId":"ETH-BTC"},"data":[{"asks":[["0.04482","0.50557","0","2"],["0.04483","3.736642","0","6"],["0.04484","14.613466","0","8"],["0.04485","5.676142","0","10"],["0.04486","8.750301","0","14"]],"bids":[["0.04481","2.334463","0","10"],["0.0448","5.275037","0","26"],["0.04479","7.769366","0","10"],["0.04478","12.525062","0","9"],["0.04477","3.028696","0","13"]],"instId":"ETH-BTC","ts":"1722884329406","seqId":1684051743}]}
{"arg":{"channel":"books5","instId":"ETH-BTC"},"data":[{"asks":[["0.04482","0.669127","0","3"],["0.04483","7.923826","0","7"],["0.04484","11.252982","0","8"],["0.04485","5.676142","0","10"],["0.04486","8.750301","0","14"]],"bids":[["0.04481","1.226163","0","8"],["0.0448","3.179654","0","25"],["0.04479","6.41241","0","10"],["0.04478","12.525062","0","9"],["0.04477","3.028696","0","13"]],"instId":"ETH-BTC","ts":"1722884329606","seqId":1684051760}]}
{"arg":{"channel":"books5","instId":"ETH-BTC"},"data":[{"asks":[["0.04482","0.50557","0","2"],["0.04483","7.923826","0","7"],["0.04484","12.42922","0","9"],["0.04485","5.676142","0","10"],["0.04486","8.750301","0","14"]],"bids":[["0.04481","1.226163","0","8"],["0.0448","3.179654","0","25"],["0.04479","6.41241","0","10"],["0.04478","12.525062","0","9"],["0.04477","3.028696","0","13"]],"instId":"ETH-BTC","ts":"1722884329706","seqId":1684051763}]}
{"arg":{"channel":"books5","instId":"ETH-BTC"},"data":[{"asks":[["0.04482","0.50557","0","2"],["0.04483","7.923826","0","7"],["0.04484","12.42922","0","9"],["0.04485","5.363237","0","9"],["0.04486","8.750301","0","14"]],"bids":[["0.04481","2.053263","0","9"],["0.0448","3.179654","0","25"],["0.04479","6.41241","0","10"],["0.04478","12.525062","0","9"],["0.04477","3.028696","0","13"]],"instId":"ETH-BTC","ts":"1722884329906","seqId":1684051766}]}
{"arg":{"channel":"books5","instId":"ETH-BTC"},"data":[{"asks":[["0.04482","0.50557","0","2"],["0.04483","7.485176","0","8"],["0.04484","12.42922","0","9"],["0.04485","5.363237","0","9"],["0.04486","8.750301","0","14"]],"bids":[["0.04481","1.226163","0","8"],["0.0448","3.179654","0","25"],["0.04479","9.8691","0","11"],["0.04478","12.660258","0","10"],["0.04477","3.028696","0","13"]],"instId":"ETH-BTC","ts":"1722884330006","seqId":1684051774}]}
{"arg":{"channel":"books5","instId":"ETH-BTC"},"data":[{"asks":[["0.04482","0.50557","0","2"],["0.04483","7.485176","0","8"],["0.04484","12.42922","0","9"],["0.04485","5.363237","0","9"],["0.04486","8.750301","0","14"]],"bids":[["0.04481","2.053263","0","9"],["0.0448","3.179654","0","25"],["0.04479","9.8691","0","11"],["0.04478","12.660258","0","10"],["0.04477","3.028696","0","13"]],"instId":"ETH-BTC","ts":"1722884330106","seqId":1684051775}]}
{"arg":{"channel":"books5","instId":"ETH-BTC"},"data":[{"asks":[["0.04483","5.515559","0","6"],["0.04484","6.198137","0","6"],["0.04485","6.904337","0","9"],["0.04486","9.063206","0","15"],["0.04487","12.4772","0","12"]],"bids":[["0.04482","1.2","0","1"],["0.04481","1.507363","0","9"],["0.0448","3.179654","0","25"],["0.04479","14.036881","0","12"],["0.04478","8.492477","0","9"]],"instId":"ETH-BTC","ts":"1722884330206","seqId":1684051805}]}
{"arg":{"channel":"books5","instId":"ETH-BTC"},"data":[{"asks":[["0.04483","6.889091","0","9"],["0.04484","9.304078","0","7"],["0.04485","9.521188","0","10"],["0.04486","9.063206","0","15"],["0.04487","12.4772","0","12"]],"bids":[["0.04481","2.707363","0","10"],["0.0448","3.179654","0","25"],["0.04479","14.036881","0","12"],["0.04478","8.492477","0","9"],["0.04477","3.028696","0","13"]],"instId":"ETH-BTC","ts":"1722884330306","seqId":1684051825}]}
{"arg":{"channel":"books5","instId":"ETH-BTC"},"data":[{"asks":[["0.04483","6.889091","0","9"],["0.04484","9.304078","0","7"],["0.04485","9.521188","0","10"],["0.04486","9.063206","0","15"],["0.04487","12.4772","0","12"]],"bids":[["0.04481","2.707363","0","10"],["0.0448","2.879654","0","24"],["0.04479","14.036881","0","12"],["0.04478","8.492477","0","9"],["0.04477","3.028696","0","13"]],"instId":"ETH-BTC","ts":"1722884330406","seqId":1684051827}]}
{"arg":{"channel":"books5","instId":"ETH-BTC"},"data":[{"asks":[["0.04483","8.23399","0","10"],["0.04484","9.304078","0","7"],["0.04485","9.521188","0","10"],["0.04486","9.063206","0","15"],["0.04487","12.4772","0","12"]],"bids":[["0.04481","2.707363","0","10"],["0.0448","2.879654","0","24"],["0.04479","7.922197","0","10"],["0.04478","12.660258","0","10"],["0.04477","3.028696","0","13"]],"instId":"ETH-BTC","ts":"1722884330506","seqId":1684051834}]}
{"arg":{"channel":"books5","instId":"ETH-BTC"},"data":[{"asks":[["0.04483","4.046806","0","9"],["0.04484","11.824943","0","7"],["0.04485","5.353407","0","9"],["0.04486","9.359822","0","16"],["0.04487","13.364503","0","13"]],"bids":[["0.04481","2.707363","0","10"],["0.0448","2.879654","0","24"],["0.04479","5.826831","0","9"],["0.04478","12.660258","0","10"],["0.04477","3.028696","0","13"]],"instId":"ETH-BTC","ts":"1722884330606","seqId":1684051851}]}
{"arg":{"channel":"books5","instId":"ETH-BTC"},"data":[{"asks":[["0.04483","4.015058","0","9"],["0.04484","12.124943","0","8"],["0.04485","5.353407","0","9"],["0.04486","9.359822","0","16"],["0.04487","13.364503","0","13"]],"bids":[["0.04481","2.707363","0","10"],["0.0448","3.179654","0","25"],["0.04479","5.826831","0","9"],["0.04478","12.660258","0","10"],["0.04477","3.9162","0","14"]],"instId":"ETH-BTC","ts":"1722884330706","seqId":1684051858}]}
{"arg":{"channel":"books5","instId":"ETH-BTC"},"data":[{"asks":[["0.04483","4.015058","0","9"],["0.04484","12.124943","0","8"],["0.04485","5.353407","0","9"],["0.04486","9.063206","0","15"],["0.04487","13.364503","0","13"]],"bids":[["0.04481","2.707363","0","10"],["0.0448","3.179654","0","25"],["0.04479","5.826831","0","9"],["0.04478","12.660258","0","10"],["0.04477","3.9162","0","14"]],"instId":"ETH-BTC","ts":"1722884330806","seqId":1684051859}]}
{"arg":{"channel":"books5","instId":"ETH-BTC"},"data":[{"asks":[["0.04483","3.715058","0","8"],["0.04484","10.997843","0","6"],["0.04485","5.353407","0","9"],["0.04486","9.063206","0","15"],["0.04487","13.661119","0","14"]],"bids":[["0.04481","3.534463","0","11"],["0.0448","3.179654","0","25"],["0.04479","5.826831","0","9"],["0.04478","12.660258","0","10"],["0.04477","3.30746","0","14"]],"instId":"ETH-BTC","ts":"1722884330906","seqId":1684051868}]}
{"arg":{"channel":"books5","instId":"ETH-BTC"},"data":[{"asks":[["0.04483","3.579862","0","7"],["0.04484","11.133039","0","7"],["0.04485","5.353407","0","9"],["0.04486","9.063206","0","15"],["0.04487","13.661119","0","14"]],"bids":[["0.04481","3.534463","0","11"],["0.0448","3.179654","0","25"],["0.04479","5.826831","0","9"],["0.04478","12.660258","0","10"],["0.04477","3.30746","0","14"]],"instId":"ETH-BTC","ts":"1722884331106","seqId":1684051874}]}
{"arg":{"channel":"books5","instId":"ETH-BTC"},"data":[{"asks":[["0.04483","3.715058","0","8"],["0.04484","10.997843","0","6"],["0.04485","5.353407","0","9"],["0.04486","9.063206","0","15"],["0.04487","13.661119","0","14"]],"bids":[["0.04481","3.534463","0","11"],["0.0448","3.179654","0","25"],["0.04479","5.826831","0","9"],["0.04478","13.547762","0","11"],["0.04477","3.30746","0","14"]],"instId":"ETH-BTC","ts":"1722884331206","seqId":1684051879}]}
{"arg":{"channel":"books5","instId":"ETH-BTC"},"data":[{"asks":[["0.04483","3.579862","0","7"],["0.04484","11.133039","0","7"],["0.04485","5.650023","0","10"],["0.04486","9.063206","0","15"],["0.04487","13.364503","0","13"]],"bids":[["0.04481","3.534463","0","11"],["0.0448","3.179654","0","25"],["0.04479","5.826831","0","9"],["0.04478","13.547762","0","11"],["0.04477","3.30746","0","14"]],"instId":"ETH-BTC","ts":"1722884331406","seqId":1684051887}]}
{"arg":{"channel":"books5","instId":"ETH-BTC"},"data":[{"asks":[["0.04483","3.579862","0","7"],["0.04484","11.133039","0","7"],["0.04485","5.353407","0","9"],["0.04486","9.359822","0","16"],["0.04487","13.364503","0","13"]],"bids":[["0.04481","3.534463","0","11"],["0.0448","3.179654","0","25"],["0.04479","5.826831","0","9"],["0.04478","12.660258","0","10"],["0.04477","3.30746","0","14"]],"instId":"ETH-BTC","ts":"1722884331506","seqId":1684051890}]}
{"arg":{"channel":"books5","instId":"ETH-BTC"},"data":[{"asks":[["0.04483","3.715058","0","8"],["0.04484","10.997843","0","6"],["0.04485","5.353407","0","9"],["0.04486","9.359822","0","16"],["0.04487","12.4772","0","12"]],"bids":[["0.04481","3.534463","0","11"],["0.0448","3.179654","0","25"],["0.04479","5.826831","0","9"],["0.04478","12.660258","0","10"],["0.04477","3.30746","0","14"]],"instId":"ETH-BTC","ts":"1722884331606","seqId":1684051893}]}
{"arg":{"channel":"books5","instId":"ETH-BTC"},"data":[{"asks":[["0.04483","3.715058","0","8"],["0.04484","10.997843","0","6"],["0.04485","5.353407","0","9"],["0.04486","9.359822","0","16"],["0.04487","12.4772","0","12"]],"bids":[["0.04481","3.534463","0","11"],["0.0448","3.179654","0","25"],["0.04479","5.826831","0","9"],["0.04478","12.660258","0","10"],["0.04477","4.194964","0","15"]],"instId":"ETH-BTC","ts":"1722884331706","seqId":1684051894}]}
{"arg":{"channel":"books5","instId":"ETH-BTC"},"data":[{"asks":[["0.04483","5.215847","0","5"],["0.04484","10.94279","0","8"],["0.04485","5.353407","0","9"],["0.04486","9.359822","0","16"],["0.04487","12.4772","0","12"]],"bids":[["0.04481","2.707363","0","10"],["0.0448","3.179654","0","25"],["0.04479","7.922147","0","10"],["0.04478","12.660258","0","10"],["0.04477","4.194964","0","15"]],"instId":"ETH-BTC","ts":"1722884331806","seqId":1684051907}]}
{"arg":{"channel":"books5","instId":"ETH-BTC"},"data":[{"asks":[["0.04483","1.902957","0","8"],["0.04484","10.94279","0","8"],["0.04485","5.353407","0","9"],["0.04486","12.654215","0","16"],["0.04487","12.4772","0","12"]],"bids":[["0.04481","2.707363","0","10"],["0.0448","3.179654","0","25"],["0.04479","5.826831","0","9"],["0.04478","12.660258","0","10"],["0.04477","4.194964","0","15"]],"instId":"ETH-BTC","ts":"1722884331906","seqId":1684051925}]}
{"arg":{"channel":"books5","instId":"ETH-BTC"},"data":[{"asks":[["0.04483","2.946128","0","7"],["0.04484","10.732676","0","8"],["0.04485","5.353407","0","9"],["0.04486","12.654215","0","16"],["0.04487","13.661119","0","14"]],"bids":[["0.04481","2.707363","0","10"],["0.0448","3.179654","0","25"],["0.04479","5.826831","0","9"],["0.04478","12.660258","0","10"],["0.04477","4.194964","0","15"]],"instId":"ETH-BTC","ts":"1722884332006","seqId":1684051940}]}
{"arg":{"channel":"books5","instId":"ETH-BTC"},"data":[{"asks":[["0.04483","2.946128","0","7"],["0.04484","10.732676","0","8"],["0.04485","5.353407","0","9"],["0.04486","12.654215","0","16"],["0.04487","12.773816","0","13"]],"bids":[["0.04481","2.707363","0","10"],["0.0448","3.179654","0","25"],["0.04479","5.826831","0","9"],["0.04478","12.525062","0","9"],["0.04477","4.194964","0","15"]],"instId":"ETH-BTC","ts":"1722884332106","seqId":1684051942}]}
{"arg":{"channel":"books5","instId":"ETH-BTC"},"data":[{"asks":[["0.04483","3.995939","0","8"],["0.04484","12.05977","0","9"],["0.04485","5.353407","0","9"],["0.04486","12.654215","0","16"],["0.04487","12.773816","0","13"]],"bids":[["0.04481","2.707363","0","10"],["0.0448","3.179654","0","25"],["0.04479","5.826831","0","9"],["0.04478","12.525062","0","9"],["0.04477","4.33016","0","16"]],"instId":"ETH-BTC","ts":"1722884332206","seqId":1684051949}]}
{"arg":{"channel":"books5","instId":"ETH-BTC"},"data":[{"asks":[["0.04483","1.849384","0","6"],["0.04484","9.459162","0","10"],["0.04485","9.374603","0","10"],["0.04486","12.654215","0","16"],["0.04487","13.661119","0","14"]],"bids":[["0.04481","2.707363","0","10"],["0.0448","3.179654","0","25"],["0.04479","5.826831","0","9"],["0.04478","12.525062","0","9"],["0.04477","3.442656","0","15"]],"instId":"ETH-BTC","ts":"1722884332306","seqId":1684051969}]}
