{"event":"subscribe","arg":{"channel":"books5","instId":"ETH-USDT"},"connId":"359e4f62"}
{"arg":{"channel":"books5","instId":"ETH-USDT"},"data":[{"asks":[["2375.19","0.965054","0","3"],["2375.2","1.154801","0","2"],["2375.21","0.828","0","1"],["2375.38","0.906449","0","1"],["2375.39","0.07055","0","2"]],"bids":[["2375.18","0.387594","0","1"],["2375.06","0.828","0","1"],["2375","0.700101","0","2"],["2374.96","0.5","0","1"],["2374.82","1.425","0","1"]],"instId":"ETH-USDT","ts":"1722885201908","seqId":28039349258}]}
{"arg":{"channel":"books5","instId":"ETH-USDT"},"data":[{"asks":[["2375.19","1.465054","0","4"],["2375.2","0.658","0","1"],["2375.21","0.828","0","1"],["2375.38","0.906449","0","1"],["2375.39","0.07055","0","2"]],"bids":[["2375.18","0.387594","0","1"],["2375.06","0.828","0","1"],["2375","0.700101","0","2"],["2374.96","0.5","0","1"],["2374.86","0.161567","0","1"]],"instId":"ETH-USDT","ts":"1722885202108","seqId":28039349351}]}
{"arg":{"channel":"books5","instId":"ETH-USDT"},"data":[{"asks":[["2375.19","1.465054","0","4"],["2375.2","0.658","0","1"],["2375.21","0.828","0","1"],["2375.38","0.906449","0","1"],["2375.39","0.07055","0","2"]],"bids":[["2375.18","0.421188","0","2"],["2375.06","0.828","0","1"],["2375","0.700101","0","2"],["2374.96","0.5","0","1"],["2374.86","0.161567","0","1"]],"instId":"ETH-USDT","ts":"1722885202408","seqId":28039349505}]}
{"arg":{"channel":"books5","instId":"ETH-USDT"},"data":[{"asks":[["2375.19","0.511054","0","2"],["2375.2","1.154809","0","2"],["2375.21","0.828","0","1"],["2375.38","0.906449","0","1"],["2375.39","0.07055","0","2"]],"bids":[["2375.18","0.421188","0","2"],["2375.06","0.828","0","1"],["2375","0.700101","0","2"],["2374.96","0.5","0","1"],["2374.86","0.161567","0","1"]],"instId":"ETH-USDT","ts":"1722885202508","seqId":28039349564}]}
{"arg":{"channel":"books5","instId":"ETH-USDT"},"data":[{"asks":[["2375.19","0.496804","0","1"],["2375.2","1.154809","0","2"],["2375.21","0.828","0","1"],["2375.38","0.906449","0","1"],["2375.39","0.07055","0","2"]],"bids":[["2375.18","0.435438","0","3"],["2375.06","0.828","0","1"],["2375","0.700101","0","2"],["2374.96","0.5","0","1"],["2374.86","0.161567","0","1"]],"instId":"ETH-USDT","ts":"1722885202608","seqId":28039349642}]}
{"arg":{"channel":"books5","instId":"ETH-USDT"},"data":[{"asks":[["2375.07","0.84225","0","2"],["2375.18","1.17255","0","1"],["2375.19","0.85495","0","2"],["2375.2","0.658","0","1"],["2375.21","0.828","0","1"]],"bids":[["2375.06","0.828","0","1"],["2375","0.700101","0","2"],["2374.86","0.161567","0","1"],["2374.8","0.658","0","1"],["2374.7","0.03828","0","1"]],"instId":"ETH-USDT","ts":"1722885202708","seqId":28039349764}]}
{"arg":{"channel":"books5","instId":"ETH-USDT"},"data":[{"asks":[["2375.01","0.46825","0","2"],["2375.19","1.746551","0","3"],["2375.2","0.658","0","1"],["2375.21","0.828","0","1"],["2375.31","0.5","0","1"]],"bids":[["2375","0.700101","0","2"],["2374.86","0.161567","0","1"],["2374.8","0.658","0","1"],["2374.7","0.03828","0","1"],["2374.69","0.00015","0","1"]],"instId":"ETH-USDT","ts":"1722885202808","seqId":28039349829}]}
{"arg":{"channel":"books5","instId":"ETH-USDT"},"data":[{"asks":[["2375.01","0.0391","0","1"],["2375.17","0.01425","0","1"],["2375.18","0.828","0","1"],["2375.2","0.658","0","1"],["2375.21","0.828","0","1"]],"bids":[["2375","0.843695","0","3"],["2374.86","0.161567","0","1"],["2374.8","0.658","0","1"],["2374.7","0.03828","0","1"],["2374.69","0.00015","0","1"]],"instId":"ETH-USDT","ts":"1722885202908","seqId":28039349959}]}
{"arg":{"channel":"books5","instId":"ETH-USDT"},"data":[{"asks":[["2375.01","0.4931","0","2"],["2375.17","1.207245","0","1"],["2375.18","0.828","0","1"],["2375.2","0.658","0","1"],["2375.21","0.828","0","1"]],"bids":[["2375","0.857945","0","4"],["2374.86","0.161567","0","1"],["2374.8","0.658","0","1"],["2374.7","0.03828","0","1"],["2374.69","0.00015","0","1"]],"instId":"ETH-USDT","ts":"1722885203008","seqId":28039350087}]}
{"arg":{"channel":"books5","instId":"ETH-USDT"},"data":[{"asks":[["2375.01","0.9083","0","4"],["2375.17","1.207245","0","1"],["2375.18","0.828","0","1"],["2375.2","0.658","0","1"],["2375.21","0.828","0","1"]],"bids":[["2375","0.843695","0","3"],["2374.86","0.161567","0","1"],["2374.8","0.658","0","1"],["2374.7","0.03828","0","1"],["2374.69","0.00015","0","1"]],"instId":"ETH-USDT","ts":"1722885203108","seqId":28039350142}]}
{"arg":{"channel":"books5","instId":"ETH-USDT"},"data":[{"asks":[["2375.18","0.828","0","1"],["2375.2","0.658","0","1"],["2375.21","0.828","0","1"],["2375.31","0.5","0","1"],["2375.38","0.906449","0","1"]],"bids":[["2375.16","0.860844","0","3"],["2375.13","0.828","0","1"],["2375","1.099151","0","3"],["2374.92","1.425","0","1"],["2374.86","0.161567","0","1"]],"instId":"ETH-USDT","ts":"1722885203208","seqId":28039350234}]}
{"arg":{"channel":"books5","instId":"ETH-USDT"},"data":[{"asks":[["2375.17","0.965055","0","3"],["2375.18","0.828","0","1"],["2375.2","0.658","0","1"],["2375.21","0.828","0","1"],["2375.31","0.5","0","1"]],"bids":[["2375","0.700101","0","2"],["2374.86","0.161567","0","1"],["2374.81","0.01","0","1"],["2374.8","0.658","0","1"],["2374.7","0.03828","0","1"]],"instId":"ETH-USDT","ts":"1722885203308","seqId":28039350322}]}
{"arg":{"channel":"books5","instId":"ETH-USDT"},"data":[{"asks":[["2375.01","1.29625","0","3"],["2375.16","0.421376","0","2"],["2375.17","2.181256","0","4"],["2375.18","0.828","0","1"],["2375.2","0.658","0","1"]],"bids":[["2375","0.042101","0","1"],["2374.86","0.161567","0","1"],["2374.8","0.658","0","1"],["2374.7","0.033996","0","1"],["2374.69","0.00015","0","1"]],"instId":"ETH-USDT","ts":"1722885203408","seqId":28039350613}]}
{"arg":{"channel":"books5","instId":"ETH-USDT"},"data":[{"asks":[["2374.81","0.0391","0","1"],["2374.87","1.29625","0","3"],["2374.99","1.164007","0","1"],["2375","0.658","0","1"],["2375.01","1.282","0","2"]],"bids":[["2374.8","0.658","0","1"],["2374.7","0.033996","0","1"],["2374.69","0.00015","0","1"],["2374.6","0.346043","0","3"],["2374.52","1.425","0","1"]],"instId":"ETH-USDT","ts":"1722885203508","seqId":28039350833}]}
{"arg":{"channel":"books5","instId":"ETH-USDT"},"data":[{"asks":[["2374.81","1.33535","0","4"],["2374.86","0.777756","0","1"],["2374.87","1.282","0","2"],["2375","0.658","0","1"],["2375.01","1.282","0","2"]],"bids":[["2374.8","0.658","0","1"],["2374.69","0.00015","0","1"],["2374.6","0.340043","0","2"],["2374.53","2.104647","0","1"],["2374.52","1.425","0","1"]],"instId":"ETH-USDT","ts":"1722885203608","seqId":28039350940}]}
{"arg":{"channel":"books5","instId":"ETH-USDT"},"data":[{"asks":[["2374.81","1.33535","0","4"],["2374.86","0.777756","0","1"],["2374.87","1.282","0","2"],["2375","0.658","0","1"],["2375.01","1.282","0","2"]],"bids":[["2374.8","0.658","0","1"],["2374.69","0.00015","0","1"],["2374.6","0.340043","0","2"],["2374.52","1.425","0","1"],["2374.51","0.05","0","1"]],"instId":"ETH-USDT","ts":"1722885203708","seqId":28039350984}]}
{"arg":{"channel":"books5","instId":"ETH-USDT"},"data":[{"asks":[["2374.81","0.4931","0","2"],["2374.86","0.496807","0","1"],["2374.87","0.828","0","1"],["2375","0.658","0","1"],["2375.01","0.828","0","1"]],"bids":[["2374.8","0.67225","0","2"],["2374.69","0.00015","0","1"],["2374.6","0.840043","0","3"],["2374.52","1.425","0","1"],["2374.51","0.05","0","1"]],"instId":"ETH-USDT","ts":"1722885203808","seqId":28039351049}]}
{"arg":{"channel":"books5","instId":"ETH-USDT"},"data":[{"asks":[["2374.81","0.4931","0","2"],["2374.86","0.496807","0","1"],["2374.87","0.828","0","1"],["2375","0.658","0","1"],["2375.01","0.828","0","1"]],"bids":[["2374.8","0.714353","0","3"],["2374.69","0.00015","0","1"],["2374.6","0.840043","0","3"],["2374.52","1.425","0","1"],["2374.51","0.05","0","1"]],"instId":"ETH-USDT","ts":"1722885203908","seqId":28039351082}]}
{"arg":{"channel":"books5","instId":"ETH-USDT"},"data":[{"asks":[["2374.81","0.4931","0","2"],["2374.86","0.496801","0","1"],["2374.87","0.828","0","1"],["2375","0.658","0","1"],["2375.01","0.828","0","1"]],"bids":[["2374.8","0.714353","0","3"],["2374.69","0.00015","0","1"],["2374.6","0.840043","0","3"],["2374.52","1.425","0","1"],["2374.51","0.05","0","1"]],"instId":"ETH-USDT","ts":"1722885204108","seqId":28039351158}]}
{"arg":{"channel":"books5","instId":"ETH-USDT"},"data":[{"asks":[["2375","0.658","0","1"],["2375.15","0.00015","0","1"],["2375.16","1.839275","0","2"],["2375.17","0.85495","0","2"],["2375.18","0.828","0","1"]],"bids":[["2374.99","0.473844","0","3"],["2374.8","2.125103","0","3"],["2374.69","0.00015","0","1"],["2374.6","0.840043","0","3"],["2374.52","1.425","0","1"]],"instId":"ETH-USDT","ts":"1722885204308","seqId":28039351326}]}
{"arg":{"channel":"books5","instId":"ETH-USDT"},"data":[{"asks":[["2374.95","0.454","0","1"],["2374.99","1.172554","0","1"],["2375","1.95425","0","4"],["2375.15","0.00015","0","1"],["2375.17","0.85495","0","2"]],"bids":[["2374.94","0.828","0","1"],["2374.8","0.700103","0","2"],["2374.69","0.00015","0","1"],["2374.6","0.840043","0","3"],["2374.52","1.425","0","1"]],"instId":"ETH-USDT","ts":"1722885204408","seqId":28039351448}]}
{"arg":{"channel":"books5","instId":"ETH-USDT"},"data":[{"asks":[["2374.95","0.454","0","1"],["2374.99","1.172554","0","1"],["2375","1.95425","0","4"],["2375.15","0.021526","0","2"],["2375.16","0.518183","0","2"]],"bids":[["2374.94","0.840594","0","2"],["2374.8","0.700103","0","2"],["2374.69","0.00015","0","1"],["2374.6","0.840043","0","3"],["2374.52","1.425","0","1"]],"instId":"ETH-USDT","ts":"1722885204508","seqId":28039351481}]}
{"arg":{"channel":"books5","instId":"ETH-USDT"},"data":[{"asks":[["2375.02","0.84225","0","2"],["2375.13","1.009862","0","1"],["2375.14","0.85495","0","2"],["2375.15","0.82815","0","2"],["2375.16","0.496807","0","1"]],"bids":[["2375.01","0.421594","0","1"],["2374.8","0.700103","0","2"],["2374.6","0.840043","0","3"],["2374.52","1.425","0","1"],["2374.51","0.05","0","1"]],"instId":"ETH-USDT","ts":"1722885204608","seqId":28039351637}]}
{"arg":{"channel":"books5","instId":"ETH-USDT"},"data":[{"asks":[["2375","0.658","0","1"],["2375.02","0.828","0","1"],["2375.13","0.512974","0","1"],["2375.14","0.85495","0","2"],["2375.15","0.82815","0","2"]],"bids":[["2374.99","0.8671","0","2"],["2374.98","0.84225","0","2"],["2374.8","1.099153","0","3"],["2374.6","0.840043","0","3"],["2374.52","1.425","0","1"]],"instId":"ETH-USDT","ts":"1722885204708","seqId":28039351834}]}
{"arg":{"channel":"books5","instId":"ETH-USDT"},"data":[{"asks":[["2374.98","1.282","0","2"],["2374.99","1.140726","0","1"],["2375","0.658","0","1"],["2375.02","0.828","0","1"],["2375.14","0.85495","0","2"]],"bids":[["2374.97","0.038844","0","2"],["2374.8","1.528103","0","3"],["2374.63","0.0704","0","1"],["2374.6","0.340043","0","2"],["2374.56","1.425","0","1"]],"instId":"ETH-USDT","ts":"1722885204808","seqId":28039352004}]}
{"arg":{"channel":"books5","instId":"ETH-USDT"},"data":[{"asks":[["2374.98","1.29625","0","3"],["2375","0.658","0","1"],["2375.02","0.828","0","1"],["2375.08","0.5","0","1"],["2375.13","1.00986","0","1"]],"bids":[["2374.97","0.024594","0","1"],["2374.8","1.486","0","2"],["2374.63","0.0704","0","1"],["2374.6","0.340043","0","2"],["2374.59","2.117769","0","1"]],"instId":"ETH-USDT","ts":"1722885204908","seqId":28039352052}]}
{"arg":{"channel":"books5","instId":"ETH-USDT"},"data":[{"asks":[["2375","0.658","0","1"],["2375.13","1.00986","0","1"],["2375.14","0.454","0","1"],["2375.15","0.82815","0","2"],["2375.16","0.496802","0","1"]],"bids":[["2374.99","1.760944","0","5"],["2374.97","1.282","0","2"],["2374.8","1.486","0","2"],["2374.73","2.104469","0","1"],["2374.63","0.0704","0","1"]],"instId":"ETH-USDT","ts":"1722885205008","seqId":28039352184}]}
{"arg":{"channel":"books5","instId":"ETH-USDT"},"data":[{"asks":[["2375","0.658","0","1"],["2375.13","1.00986","0","1"],["2375.14","0.454","0","1"],["2375.15","0.82815","0","2"],["2375.16","0.496802","0","1"]],"bids":[["2374.99","1.306944","0","4"],["2374.97","0.828","0","1"],["2374.8","1.486","0","2"],["2374.75","2.104451","0","1"],["2374.69","0.00015","0","1"]],"instId":"ETH-USDT","ts":"1722885205108","seqId":28039352228}]}
{"arg":{"channel":"books5","instId":"ETH-USDT"},"data":[{"asks":[["2375","0.658","0","1"],["2375.13","1.50986","0","2"],["2375.14","0.454","0","1"],["2375.15","0.82815","0","2"],["2375.16","0.496802","0","1"]],"bids":[["2374.99","1.306944","0","4"],["2374.97","0.828","0","1"],["2374.96","0.5","0","1"],["2374.8","1.486","0","2"],["2374.69","0.00015","0","1"]],"instId":"ETH-USDT","ts":"1722885205208","seqId":28039352330}]}
{"arg":{"channel":"books5","instId":"ETH-USDT"},"data":[{"asks":[["2374.81","0.454","0","1"],["2374.83","0.828","0","1"],["2374.98","0.021376","0","1"],["2374.99","0.618316","0","1"],["2375","1.5272","0","4"]],"bids":[["2374.8","0.658","0","1"],["2374.69","0.00015","0","1"],["2374.63","0.0704","0","1"],["2374.6","0.340043","0","2"],["2374.51","0.05","0","1"]],"instId":"ETH-USDT","ts":"1722885205308","seqId":28039352413}]}
{"arg":{"channel":"books5","instId":"ETH-USDT"},"data":[{"asks":[["2374.99","0.632566","0","2"],["2375","1.05895","0","2"],["2375.13","0.5","0","1"],["2375.14","0.454","0","1"],["2375.15","0.82815","0","2"]],"bids":[["2374.98","0.8671","0","2"],["2374.97","0.454","0","1"],["2374.96","0.828","0","1"],["2374.8","0.658","0","1"],["2374.69","0.00015","0","1"]],"instId":"ETH-USDT","ts":"1722885205408","seqId":28039352502}]}
{"arg":{"channel":"books5","instId":"ETH-USDT"},"data":[{"asks":[["2375.14","0.454","0","1"],["2375.15","0.00015","0","1"],["2375.16","1.5987","0","2"],["2375.17","0.454","0","1"],["2375.18","0.828","0","1"]],"bids":[["2375.13","0.50735","0","3"],["2375","0.658","0","1"],["2374.99","0.828","0","1"],["2374.98","0.828","0","1"],["2374.97","0.454","0","1"]],"instId":"ETH-USDT","ts":"1722885205508","seqId":28039352716}]}
{"arg":{"channel":"books5","instId":"ETH-USDT"},"data":[{"asks":[["2375.14","0.46825","0","2"],["2375.15","0.00015","0","1"],["2375.16","1.5987","0","2"],["2375.17","0.454","0","1"],["2375.18","0.828","0","1"]],"bids":[["2375.13","0.0391","0","1"],["2374.8","0.658","0","1"],["2374.69","0.00015","0","1"],["2374.63","0.0704","0","1"],["2374.6","0.340043","0","2"]],"instId":"ETH-USDT","ts":"1722885205608","seqId":28039352791}]}
{"arg":{"channel":"books5","instId":"ETH-USDT"},"data":[{"asks":[["2375","0.658","0","1"],["2375.12","0.534444","0","1"],["2375.14","0.85495","0","2"],["2375.15","0.00015","0","1"],["2375.16","0.496806","0","1"]],"bids":[["2374.99","0.4931","0","2"],["2374.83","0.84225","0","2"],["2374.82","0.828","0","1"],["2374.8","0.658","0","1"],["2374.69","0.00015","0","1"]],"instId":"ETH-USDT","ts":"1722885205708","seqId":28039352937}]}
{"arg":{"channel":"books5","instId":"ETH-USDT"},"data":[{"asks":[["2375","0.658","0","1"],["2375.12","0.534444","0","1"],["2375.14","0.85495","0","2"],["2375.15","0.00015","0","1"],["2375.16","0.496806","0","1"]],"bids":[["2374.99","0.0391","0","1"],["2374.83","0.828","0","1"],["2374.82","0.828","0","1"],["2374.8","0.658","0","1"],["2374.69","0.00015","0","1"]],"instId":"ETH-USDT","ts":"1722885205808","seqId":28039352986}]}
{"arg":{"channel":"books5","instId":"ETH-USDT"},"data":[{"asks":[["2375","0.658","0","1"],["2375.12","1.034444","0","2"],["2375.14","0.85495","0","2"],["2375.15","0.00015","0","1"],["2375.16","0.496806","0","1"]],"bids":[["2374.99","0.50735","0","3"],["2374.83","1.328","0","2"],["2374.82","0.828","0","1"],["2374.8","0.658","0","1"],["2374.69","0.00015","0","1"]],"instId":"ETH-USDT","ts":"1722885205908","seqId":28039353023}]}
{"arg":{"channel":"books5","instId":"ETH-USDT"},"data":[{"asks":[["2375","0.658","0","1"],["2375.11","0.572495","0","1"],["2375.12","0.5","0","1"],["2375.14","0.454","0","1"],["2375.15","0.00015","0","1"]],"bids":[["2374.99","0.848944","0","4"],["2374.83","1.328","0","2"],["2374.82","0.828","0","1"],["2374.8","0.658","0","1"],["2374.69","0.00015","0","1"]],"instId":"ETH-USDT","ts":"1722885206008","seqId":28039353082}]}
{"arg":{"channel":"books5","instId":"ETH-USDT"},"data":[{"asks":[["2375.14","0.454","0","1"],["2375.15","0.00015","0","1"],["2375.16","1.598705","0","2"],["2375.17","0.454","0","1"],["2375.18","0.828","0","1"]],"bids":[["2375.13","1.282","0","2"],["2375","1.084594","0","2"],["2374.99","1.208894","0","4"],["2374.96","0.5","0","1"],["2374.83","0.828","0","1"]],"instId":"ETH-USDT","ts":"1722885206208","seqId":28039353168}]}
{"arg":{"channel":"books5","instId":"ETH-USDT"},"data":[{"asks":[["2375.14","0.454","0","1"],["2375.17","1.758618","0","2"],["2375.18","0.828","0","1"],["2375.2","0.658","0","1"],["2375.21","0.828","0","1"]],"bids":[["2375.13","0.46825","0","2"],["2375","0.658","0","1"],["2374.99","0.85305","0","2"],["2374.96","0.5","0","1"],["2374.89","1.425","0","1"]],"instId":"ETH-USDT","ts":"1722885206308","seqId":28039353257}]}
{"arg":{"channel":"books5","instId":"ETH-USDT"},"data":[{"asks":[["2375.14","0.454","0","1"],["2375.17","0.454","0","1"],["2375.18","0.828","0","1"],["2375.2","1.158","0","2"],["2375.21","0.828","0","1"]],"bids":[["2375.13","0.46825","0","2"],["2375","0.658","0","1"],["2374.99","0.85305","0","2"],["2374.96","0.5","0","1"],["2374.89","1.425","0","1"]],"instId":"ETH-USDT","ts":"1722885206408","seqId":28039353287}]}
{"arg":{"channel":"books5","instId":"ETH-USDT"},"data":[{"asks":[["2375.01","1.282","0","2"],["2375.14","0.8692","0","3"],["2375.16","1.960804","0","1"],["2375.17","0.454","0","1"],["2375.18","0.828","0","1"]],"bids":[["2375","0.658","0","1"],["2374.83","0.828","0","1"],["2374.82","0.828","0","1"],["2374.8","0.658","0","1"],["2374.69","0.00015","0","1"]],"instId":"ETH-USDT","ts":"1722885206508","seqId":28039353375}]}
{"arg":{"channel":"books5","instId":"ETH-USDT"},"data":[{"asks":[["2374.84","0.0391","0","1"],["2374.99","0.803215","0","1"],["2375","0.658","0","1"],["2375.01","1.22895","0","2"],["2375.14","0.85495","0","2"]],"bids":[["2374.83","0.862844","0","3"],["2374.82","0.828","0","1"],["2374.8","0.658","0","1"],["2374.69","0.00015","0","1"],["2374.6","0.340043","0","2"]],"instId":"ETH-USDT","ts":"1722885206608","seqId":28039353477}]}
{"arg":{"channel":"books5","instId":"ETH-USDT"},"data":[{"asks":[["2374.84","0.0391","0","1"],["2374.99","0.803215","0","1"],["2375","0.658","0","1"],["2375.01","1.22895","0","2"],["2375.14","0.85495","0","2"]],"bids":[["2374.83","1.362844","0","4"],["2374.82","0.828","0","1"],["2374.8","0.658","0","1"],["2374.69","0.00015","0","1"],["2374.6","0.340043","0","2"]],"instId":"ETH-USDT","ts":"1722885206808","seqId":28039353543}]}
{"arg":{"channel":"books5","instId":"ETH-USDT"},"data":[{"asks":[["2374.84","0.0391","0","1"],["2374.99","0.803215","0","1"],["2375","0.658","0","1"],["2375.01","1.22895","0","2"],["2375.14","0.85495","0","2"]],"bids":[["2374.83","1.404946","0","5"],["2374.82","0.828","0","1"],["2374.8","0.658","0","1"],["2374.69","0.00015","0","1"],["2374.6","0.340043","0","2"]],"instId":"ETH-USDT","ts":"1722885206908","seqId":28039353560}]}
{"arg":{"channel":"books5","instId":"ETH-USDT"},"data":[{"asks":[["2374.84","0.8692","0","3"],["2374.96","2.098176","0","1"],["2374.97","1.22895","0","2"],["2374.99","0.454","0","1"],["2375","0.658","0","1"]],"bids":[["2374.83","0.042102","0","1"],["2374.6","0.340043","0","2"],["2374.51","0.05","0","1"],["2374.5","0.045846","0","1"],["2374.46","5","0","1"]],"instId":"ETH-USDT","ts":"1722885207108","seqId":28039353920}]}
{"arg":{"channel":"books5","instId":"ETH-USDT"},"data":[{"asks":[["2374.84","0.46825","0","2"],["2374.96","1.388402","0","1"],["2374.97","0.828","0","1"],["2374.99","0.454","0","1"],["2375","0.658","0","1"]],"bids":[["2374.83","0.496102","0","2"],["2374.8","0.658","0","1"],["2374.6","0.340043","0","2"],["2374.59","1.425","0","1"],["2374.51","0.05","0","1"]],"instId":"ETH-USDT","ts":"1722885207208","seqId":28039354021}]}
{"arg":{"channel":"books5","instId":"ETH-USDT"},"data":[{"asks":[["2374.84","0.454","0","1"],["2374.99","0.454","0","1"],["2375","0.658","0","1"],["2375.14","0.454","0","1"],["2375.15","0.00015","0","1"]],"bids":[["2374.83","0.852946","0","4"],["2374.8","0.658","0","1"],["2374.6","0.340043","0","2"],["2374.59","1.425","0","1"],["2374.51","0.05","0","1"]],"instId":"ETH-USDT","ts":"1722885207308","seqId":28039354137}]}
{"arg":{"channel":"books5","instId":"ETH-USDT"},"data":[{"asks":[["2374.84","0.454","0","1"],["2374.98","0.667205","0","1"],["2374.99","0.454","0","1"],["2375","0.658","0","1"],["2375.14","0.454","0","1"]],"bids":[["2374.83","0.852946","0","4"],["2374.8","0.658","0","1"],["2374.6","0.340043","0","2"],["2374.59","1.425","0","1"],["2374.53","2.104645","0","1"]],"instId":"ETH-USDT","ts":"1722885207408","seqId":28039354178}]}
{"arg":{"channel":"books5","instId":"ETH-USDT"},"data":[{"asks":[["2374.98","0.667205","0","1"],["2374.99","0.454","0","1"],["2375","0.658","0","1"],["2375.14","0.454","0","1"],["2375.15","0.00015","0","1"]],"bids":[["2374.97","1.282","0","2"],["2374.84","0.419594","0","1"],["2374.83","1.338696","0","4"],["2374.8","0.658","0","1"],["2374.6","0.340043","0","2"]],"instId":"ETH-USDT","ts":"1722885207508","seqId":28039354227}]}
{"arg":{"channel":"books5","instId":"ETH-USDT"},"data":[{"asks":[["2374.99","0.46825","0","2"],["2375","0.658","0","1"],["2375.14","0.454","0","1"],["2375.15","0.00015","0","1"],["2375.16","1.8987","0","2"]],"bids":[["2374.98","0.0391","0","1"],["2374.83","0.496102","0","2"],["2374.8","0.658","0","1"],["2374.6","0.340043","0","2"],["2374.59","1.425","0","1"]],"instId":"ETH-USDT","ts":"1722885207608","seqId":28039354346}]}
{"arg":{"channel":"books5","instId":"ETH-USDT"},"data":[{"asks":[["2375.62","0.164865","0","1"],["2375.7","0.006","0","1"],["2375.8","0.664","0","2"],["2375.9","0.056","0","2"],["2375.91","0.166002","0","1"]],"bids":[["2375.61","1.746844","0","5"],["2375.6","0.658","0","1"],["2375.59","0.454","0","1"],["2375.57","0.828","0","1"],["2375.4","0.658","0","1"]],"instId":"ETH-USDT","ts":"1722885207708","seqId":28039355095}]}
{"arg":{"channel":"books5","instId":"ETH-USDT"},"data":[{"asks":[["2375.96","0.45","0","2"],["2376","0.705105","0","2"],["2376.01","0.11","0","2"],["2376.1","0.006","0","1"],["2376.2","0.664","0","2"]],"bids":[["2375.95","0.54735","0","4"],["2375.9","0.828","0","1"],["2375.8","0.658","0","1"],["2375.79","0.85305","0","2"],["2375.69","1.01705","0","3"]],"instId":"ETH-USDT","ts":"1722885207808","seqId":28039355774}]}
{"arg":{"channel":"books5","instId":"ETH-USDT"},"data":[{"asks":[["2375.91","1.282","0","2"],["2375.96","0.45","0","2"],["2376","0.705105","0","2"],["2376.01","0.1","0","1"],["2376.08","0.167097","0","1"]],"bids":[["2375.9","0.575025","0","1"],["2375.8","0.658","0","1"],["2375.79","0.454","0","1"],["2375.69","1.01705","0","3"],["2375.65","1.425","0","1"]],"instId":"ETH-USDT","ts":"1722885207908","seqId":28039355930}]}
{"arg":{"channel":"books5","instId":"ETH-USDT"},"data":[{"asks":[["2375.54","1.7363","0","5"],["2375.6","1.676323","0","2"],["2375.61","1.22895","0","2"],["2375.62","0.454","0","1"],["2375.64","0.665615","0","1"]],"bids":[["2375.53","0.24","0","1"],["2375.48","0.167658","0","2"],["2375.41","0.00015","0","1"],["2375.4","0.658","0","1"],["2375.23","3.478798","0","1"]],"instId":"ETH-USDT","ts":"1722885208008","seqId":28039356307}]}
{"arg":{"channel":"books5","instId":"ETH-USDT"},"data":[{"asks":[["2375.49","0.0791","0","2"],["2375.59","1.404578","0","1"],["2375.6","0.658","0","1"],["2375.62","0.454","0","1"],["2375.64","1.009777","0","1"]],"bids":[["2375.48","2.455158","0","5"],["2375.4","0.658","0","1"],["2375.22","5","0","1"],["2375.2","0.658","0","1"],["2375.17","0.00015","0","1"]],"instId":"ETH-USDT","ts":"1722885208108","seqId":28039356545}]}
{"arg":{"channel":"books5","instId":"ETH-USDT"},"data":[{"asks":[["2375.77","0.454","0","1"],["2375.8","0.035105","0","1"],["2375.81","0.828","0","1"],["2375.9","0.502808","0","2"],["2375.91","0.828","0","1"]],"bids":[["2375.76","0.352844","0","2"],["2375.63","0.828","0","1"],["2375.6","0.658","0","1"],["2375.5","0.0704","0","1"],["2375.48","2.440908","0","4"]],"instId":"ETH-USDT","ts":"1722885208208","seqId":28039356885}]}
{"arg":{"channel":"books5","instId":"ETH-USDT"},"data":[{"asks":[["2375.77","0.332232","0","2"],["2375.8","0.496803","0","1"],["2375.81","0.828","0","1"],["2375.9","0.006","0","1"],["2375.91","0.828","0","1"]],"bids":[["2375.76","0.397188","0","2"],["2375.63","0.828","0","1"],["2375.6","0.658","0","1"],["2375.5","0.0704","0","1"],["2375.48","2.440908","0","4"]],"instId":"ETH-USDT","ts":"1722885208308","seqId":28039356968}]}
{"arg":{"channel":"books5","instId":"ETH-USDT"},"data":[{"asks":[["2375.77","0.332232","0","2"],["2375.81","0.828","0","1"],["2375.9","0.006","0","1"],["2375.91","0.828","0","1"],["2375.96","0.35","0","1"]],"bids":[["2375.76","0.397188","0","2"],["2375.63","1.328","0","2"],["2375.6","0.658","0","1"],["2375.5","0.0704","0","1"],["2375.48","2.440908","0","4"]],"instId":"ETH-USDT","ts":"1722885208408","seqId":28039357080}]}
{"arg":{"channel":"books5","instId":"ETH-USDT"},"data":[{"asks":[["2376.1","0.881105","0","2"],["2376.19","0.51297","0","1"],["2376.2","0.664","0","2"],["2376.22","0.05","0","1"],["2376.24","0.454","0","1"]],"bids":[["2376","1.05705","0","2"],["2375.92","0.24","0","1"],["2375.89","0.84225","0","2"],["2375.8","0.658","0","1"],["2375.76","1.425","0","1"]],"instId":"ETH-USDT","ts":"1722885208508","seqId":28039357439}]}
{"arg":{"channel":"books5","instId":"ETH-USDT"},"data":[{"asks":[["2376.01","1.29625","0","3"],["2376.09","0.537216","0","1"],["2376.1","0.881105","0","2"],["2376.2","0.664","0","2"],["2376.22","0.05","0","1"]],"bids":[["2376","0.658","0","1"],["2375.89","0.828","0","1"],["2375.8","0.658","0","1"],["2375.65","0.00015","0","1"],["2375.64","1.191602","0","1"]],"instId":"ETH-USDT","ts":"1722885208608","seqId":28039357564}]}
{"arg":{"channel":"books5","instId":"ETH-USDT"},"data":[{"asks":[["2376.01","0.84225","0","2"],["2376.09","0.537216","0","1"],["2376.1","0.881105","0","2"],["2376.19","0.698401","0","1"],["2376.2","1.164","0","3"]],"bids":[["2376","0.658","0","1"],["2375.89","0.828","0","1"],["2375.83","0.24","0","1"],["2375.8","0.658","0","1"],["2375.76","1.425","0","1"]],"instId":"ETH-USDT","ts":"1722885208708","seqId":28039357624}]}
{"arg":{"channel":"books5","instId":"ETH-USDT"},"data":[{"asks":[["2376.01","0.84225","0","2"],["2376.09","0.537216","0","1"],["2376.1","0.881105","0","2"],["2376.19","0.698401","0","1"],["2376.2","1.164","0","3"]],"bids":[["2376","0.658","0","1"],["2375.89","1.328","0","2"],["2375.83","0.24","0","1"],["2375.8","0.658","0","1"],["2375.76","1.425","0","1"]],"instId":"ETH-USDT","ts":"1722885208808","seqId":28039357662}]}
{"arg":{"channel":"books5","instId":"ETH-USDT"},"data":[{"asks":[["2375.84","0.50735","0","3"],["2375.89","0.769204","0","1"],["2375.9","1.282","0","2"],["2376","0.658","0","1"],["2376.01","1.22895","0","2"]],"bids":[["2375.83","0.24","0","1"],["2375.8","0.658","0","1"],["2375.65","0.00015","0","1"],["2375.63","0.828","0","1"],["2375.6","0.658","0","1"]],"instId":"ETH-USDT","ts":"1722885209208","seqId":28039357896}]}
{"arg":{"channel":"books5","instId":"ETH-USDT"},"data":[{"asks":[["2375.81","1.7763","0","6"],["2375.84","0.454","0","1"],["2375.89","0.769204","0","1"],["2375.9","1.282","0","2"],["2376","0.658","0","1"]],"bids":[["2375.8","0.658","0","1"],["2375.65","0.00015","0","1"],["2375.63","0.828","0","1"],["2375.61","0.24","0","1"],["2375.6","0.658","0","1"]],"instId":"ETH-USDT","ts":"1722885209408","seqId":28039358090}]}
{"arg":{"channel":"books5","instId":"ETH-USDT"},"data":[{"asks":[["2375.66","0.2737","0","7"],["2375.81","1.7763","0","6"],["2375.84","0.454","0","1"],["2375.89","0.769204","0","1"],["2375.9","1.282","0","2"]],"bids":[["2375.65","0.00015","0","1"],["2375.63","0.828","0","1"],["2375.61","0.24","0","1"],["2375.6","0.658","0","1"],["2375.55","0.0048","0","1"]],"instId":"ETH-USDT","ts":"1722885209508","seqId":28039358133}]}
{"arg":{"channel":"books5","instId":"ETH-USDT"},"data":[{"asks":[["2375.55","0.09335","0","3"],["2375.6","0.658","0","1"],["2375.62","0.828","0","1"],["2375.78","2.000001","0","1"],["2375.79","1.425","0","1"]],"bids":[["2375.54","1.332","0","3"],["2375.48","0.162858","0","1"],["2375.44","0.224929","0","1"],["2375.41","0.00015","0","1"],["2375.4","0.658","0","1"]],"instId":"ETH-USDT","ts":"1722885209608","seqId":28039358499}]}
{"arg":{"channel":"books5","instId":"ETH-USDT"},"data":[{"asks":[["2375.6","2.9522","0","5"],["2375.62","0.828","0","1"],["2375.78","0.021376","0","1"],["2375.79","2.084006","0","2"],["2375.8","0.658","0","1"]],"bids":[["2375.59","0.0391","0","1"],["2375.54","0.05","0","1"],["2375.48","0.162858","0","1"],["2375.44","0.224929","0","1"],["2375.41","0.00015","0","1"]],"instId":"ETH-USDT","ts":"1722885209708","seqId":28039358634}]}
{"arg":{"channel":"books5","instId":"ETH-USDT"},"data":[{"asks":[["2375.41","0.52815","0","4"],["2375.48","0.544986","0","1"],["2375.49","0.85495","0","2"],["2375.55","0.85495","0","2"],["2375.59","2.268127","0","1"]],"bids":[["2375.4","0.658","0","1"],["2375.22","5","0","1"],["2375.2","0.658894","0","2"],["2375.17","0.00015","0","1"],["2375.1","0.006","0","1"]],"instId":"ETH-USDT","ts":"1722885209808","seqId":28039359019}]}
{"arg":{"channel":"books5","instId":"ETH-USDT"},"data":[{"asks":[["2375.41","0.508777","0","4"],["2375.49","0.454","0","1"],["2375.55","0.85495","0","2"],["2375.59","1.404579","0","1"],["2375.6","1.51295","0","3"]],"bids":[["2375.4","0.658","0","1"],["2375.22","5","0","1"],["2375.2","0.658","0","1"],["2375.17","0.00015","0","1"],["2375.16","1.425","0","1"]],"instId":"ETH-USDT","ts":"1722885209908","seqId":28039359087}]}
{"arg":{"channel":"books5","instId":"ETH-USDT"},"data":[{"asks":[["2375.23","0.0405","0","2"],["2375.26","1.282","0","2"],["2375.29","0.4152","0","2"],["2375.37","1.487406","0","1"],["2375.38","1.425","0","1"]],"bids":[["2375.22","5.5","0","2"],["2375.17","0.00015","0","1"],["2375.1","0.006","0","1"],["2375","0.664","0","2"],["2374.93","0.00495","0","2"]],"instId":"ETH-USDT","ts":"1722885210008","seqId":28039359278}]}
{"arg":{"channel":"books5","instId":"ETH-USDT"},"data":[{"asks":[["2375.23","0.0405","0","2"],["2375.4","0.658","0","1"],["2375.41","0.85495","0","2"],["2375.46","1.127408","0","1"],["2375.47","1.425","0","1"]],"bids":[["2375.22","5.51425","0","3"],["2375","0.670894","0","2"],["2374.98","0.05","0","1"],["2374.93","0.00495","0","2"],["2374.9","0.006","0","1"]],"instId":"ETH-USDT","ts":"1722885210108","seqId":28039359563}]}
{"arg":{"channel":"books5","instId":"ETH-USDT"},"data":[{"asks":[["2375.23","0.50735","0","3"],["2375.4","0.658","0","1"],["2375.41","0.454","0","1"],["2375.46","1.127405","0","1"],["2375.47","1.425","0","1"]],"bids":[["2375.22","5","0","1"],["2375","0.670894","0","2"],["2374.98","0.05","0","1"],["2374.93","0.00495","0","2"],["2374.9","0.006","0","1"]],"instId":"ETH-USDT","ts":"1722885210208","seqId":28039359687}]}
{"arg":{"channel":"books5","instId":"ETH-USDT"},"data":[{"asks":[["2375.23","0.46825","0","2"],["2375.4","0.658","0","1"],["2375.41","0.454","0","1"],["2375.46","1.127405","0","1"],["2375.47","1.425","0","1"]],"bids":[["2375.22","5","0","1"],["2375","0.658","0","1"],["2374.98","0.05","0","1"],["2374.93","0.00495","0","2"],["2374.8","2.762409","0","2"]],"instId":"ETH-USDT","ts":"1722885210308","seqId":28039359750}]}
{"arg":{"channel":"books5","instId":"ETH-USDT"},"data":[{"asks":[["2375.23","0.8692","0","3"],["2375.4","0.658","0","1"],["2375.41","0.454","0","1"],["2375.46","1.127405","0","1"],["2375.47","1.425","0","1"]],"bids":[["2375.22","5","0","1"],["2375.14","0.167905","0","1"],["2375","0.658","0","1"],["2374.98","0.05","0","1"],["2374.93","0.00495","0","2"]],"instId":"ETH-USDT","ts":"1722885210408","seqId":28039359826}]}
{"arg":{"channel":"books5","instId":"ETH-USDT"},"data":[{"asks":[["2375.23","0.8692","0","3"],["2375.4","0.658","0","1"],["2375.41","0.454","0","1"],["2375.46","1.127405","0","1"],["2375.47","1.425","0","1"]],"bids":[["2375.22","5","0","1"],["2375.16","0.5","0","1"],["2375.14","0.167905","0","1"],["2375","0.658","0","1"],["2374.98","0.05","0","1"]],"instId":"ETH-USDT","ts":"1722885210508","seqId":28039359878}]}
{"arg":{"channel":"books5","instId":"ETH-USDT"},"data":[{"asks":[["2374.81","1.3225","0","4"],["2374.96","0.021376","0","1"],["2374.97","0.688579","0","1"],["2374.99","0.46825","0","2"],["2375","0.658","0","1"]],"bids":[["2374.8","0.658","0","1"],["2374.7","0.006","0","1"],["2374.69","0.00015","0","1"],["2374.6","0.180354","0","2"],["2374.51","0.0048","0","1"]],"instId":"ETH-USDT","ts":"1722885210608","seqId":28039360558}]}
{"arg":{"channel":"books5","instId":"ETH-USDT"},"data":[{"asks":[["2375.1","0.828","0","1"],["2375.19","2.218763","0","1"],["2375.2","1.113145","0","3"],["2375.21","0.828","0","1"],["2375.23","0.454","0","1"]],"bids":[["2375.09","0.0391","0","1"],["2375.08","1.282","0","2"],["2374.83","0.0704","0","1"],["2374.81","0.80585","0","2"],["2374.8","1.455894","0","5"]],"instId":"ETH-USDT","ts":"1722885210708","seqId":28039360792}]}
{"arg":{"channel":"books5","instId":"ETH-USDT"},"data":[{"asks":[["2375.1","0.828","0","1"],["2375.19","1.040519","0","1"],["2375.2","1.113145","0","3"],["2375.21","0.828","0","1"],["2375.23","0.454","0","1"]],"bids":[["2375.09","0.05335","0","2"],["2375","0.658","0","1"],["2374.83","0.0704","0","1"],["2374.8","1.29705","0","3"],["2374.71","0.16901","0","1"]],"instId":"ETH-USDT","ts":"1722885210808","seqId":28039360867}]}
{"arg":{"channel":"books5","instId":"ETH-USDT"},"data":[{"asks":[["2374.82","0.8294","0","2"],["2374.99","0.021376","0","1"],["2375","0.658","0","1"],["2375.05","1.64558","0","1"],["2375.06","1.425","0","1"]],"bids":[["2374.81","0.414844","0","2"],["2374.8","0.658","0","1"],["2374.71","0.16901","0","1"],["2374.69","0.00015","0","1"],["2374.65","2.104541","0","1"]],"instId":"ETH-USDT","ts":"1722885210908","seqId":28039361010}]}
{"arg":{"channel":"books5","instId":"ETH-USDT"},"data":[{"asks":[["2374.72","1.6986","0","5"],["2374.8","2.522778","0","2"],["2374.81","0.40095","0","1"],["2374.82","2.707","0","3"],["2374.99","0.021376","0","1"]],"bids":[["2374.71","0.16901","0","1"],["2374.6","0.174354","0","1"],["2374.51","0.0048","0","1"],["2374.42","2.104742","0","1"],["2374.4","0.664","0","2"]],"instId":"ETH-USDT","ts":"1722885211008","seqId":28039361264}]}
{"arg":{"channel":"books5","instId":"ETH-USDT"},"data":[{"asks":[["2374.61","0.0014","0","1"],["2374.8","0.658","0","1"],["2374.81","0.897756","0","2"],["2374.82","0.828","0","1"],["2374.99","0.021376","0","1"]],"bids":[["2374.6","1.20581","0","5"],["2374.43","2.104737","0","1"],["2374.4","0.704164","0","2"],["2374.36","1.425","0","1"],["2374.33","0.05","0","1"]],"instId":"ETH-USDT","ts":"1722885211108","seqId":28039361498}]}
{"arg":{"channel":"books5","instId":"ETH-USDT"},"data":[{"asks":[["2374.61","0.46825","0","2"],["2374.71","1.592374","0","1"],["2374.72","1.425","0","1"],["2374.74","1.22895","0","2"],["2374.78","0.454","0","1"]],"bids":[["2374.6","0.338966","0","2"],["2374.4","0.658","0","1"],["2374.33","0.05","0","1"],["2374.28","2.104866","0","1"],["2374.21","0.00015","0","1"]],"instId":"ETH-USDT","ts":"1722885211208","seqId":28039361602}]}
{"arg":{"channel":"books5","instId":"ETH-USDT"},"data":[{"asks":[["2374.61","0.01425","0","1"],["2374.71","1.592374","0","1"],["2374.72","1.425","0","1"],["2374.74","0.828","0","1"],["2374.78","0.454","0","1"]],"bids":[["2374.6","1.424998","0","4"],["2374.4","0.658","0","1"],["2374.33","0.05","0","1"],["2374.3","0.006","0","1"],["2374.21","0.00015","0","1"]],"instId":"ETH-USDT","ts":"1722885211308","seqId":28039361702}]}
{"arg":{"channel":"books5","instId":"ETH-USDT"},"data":[{"asks":[["2374.75","0.828","0","1"],["2374.76","0.454","0","1"],["2374.78","0.454","0","1"],["2374.8","0.658","0","1"],["2374.82","0.828","0","1"]],"bids":[["2374.74","0.01425","0","1"],["2374.6","0.174354","0","1"],["2374.53","0.161825","0","1"],["2374.4","0.658","0","1"],["2374.36","1.425","0","1"]],"instId":"ETH-USDT","ts":"1722885211408","seqId":28039361861}]}
{"arg":{"channel":"books5","instId":"ETH-USDT"},"data":[{"asks":[["2374.61","0.828","0","1"],["2374.75","0.828","0","1"],["2374.76","0.454","0","1"],["2374.78","0.454","0","1"],["2374.8","0.658","0","1"]],"bids":[["2374.6","1.023948","0","3"],["2374.53","0.161825","0","1"],["2374.4","0.658","0","1"],["2374.39","2.104767","0","1"],["2374.33","0.05","0","1"]],"instId":"ETH-USDT","ts":"1722885211508","seqId":28039361955}]}
{"arg":{"channel":"books5","instId":"ETH-USDT"},"data":[{"asks":[["2374.61","0.46825","0","2"],["2374.75","0.828","0","1"],["2374.76","0.454","0","1"],["2374.78","0.454","0","1"],["2374.8","0.658","0","1"]],"bids":[["2374.6","0.568949","0","2"],["2374.53","0.161825","0","1"],["2374.4","0.658","0","1"],["2374.35","2.104805","0","1"],["2374.33","0.05","0","1"]],"instId":"ETH-USDT","ts":"1722885211608","seqId":28039362041}]}
{"arg":{"channel":"books5","instId":"ETH-USDT"},"data":[{"asks":[["2374.61","0.46825","0","2"],["2374.74","1.041608","0","1"],["2374.75","0.828","0","1"],["2374.76","0.454","0","1"],["2374.78","0.454","0","1"]],"bids":[["2374.6","0.173355","0","1"],["2374.53","0.161825","0","1"],["2374.4","0.658","0","1"],["2374.33","2.154819","0","2"],["2374.21","0.00015","0","1"]],"instId":"ETH-USDT","ts":"1722885211708","seqId":28039362102}]}
{"arg":{"channel":"books5","instId":"ETH-USDT"},"data":[{"asks":[["2374.61","0.46825","0","2"],["2374.74","1.041608","0","1"],["2374.75","0.828","0","1"],["2374.76","0.454","0","1"],["2374.78","0.454","0","1"]],"bids":[["2374.6","0.173355","0","1"],["2374.53","0.161825","0","1"],["2374.4","1.158","0","2"],["2374.33","0.05","0","1"],["2374.31","2.104836","0","1"]],"instId":"ETH-USDT","ts":"1722885211808","seqId":28039362200}]}
{"arg":{"channel":"books5","instId":"ETH-USDT"},"data":[{"asks":[["2374.61","0.46825","0","2"],["2374.74","1.041608","0","1"],["2374.75","0.828","0","1"],["2374.76","0.454","0","1"],["2374.78","0.454","0","1"]],"bids":[["2374.6","0.173355","0","1"],["2374.53","0.161825","0","1"],["2374.4","1.158","0","2"],["2374.33","0.05","0","1"],["2374.21","0.00015","0","1"]],"instId":"ETH-USDT","ts":"1722885211908","seqId":28039362236}]}
{"arg":{"channel":"books5","instId":"ETH-USDT"},"data":[{"asks":[["2374.61","0.01425","0","1"],["2374.75","0.828","0","1"],["2374.76","0.454","0","1"],["2374.78","0.454","0","1"],["2374.8","0.658","0","1"]],"bids":[["2374.6","0.564949","0","2"],["2374.53","0.161825","0","1"],["2374.4","1.158","0","2"],["2374.38","2.104779","0","1"],["2374.36","1.425","0","1"]],"instId":"ETH-USDT","ts":"1722885212208","seqId":28039362375}]}
{"arg":{"channel":"books5","instId":"ETH-USDT"},"data":[{"asks":[["2374.61","0.454","0","1"],["2374.75","0.828","0","1"],["2374.76","0.454","0","1"],["2374.78","0.454","0","1"],["2374.8","0.658","0","1"]],"bids":[["2374.6","0.579199","0","3"],["2374.53","0.161825","0","1"],["2374.4","1.158","0","2"],["2374.33","0.05","0","1"],["2374.21","0.00015","0","1"]],"instId":"ETH-USDT","ts":"1722885212308","seqId":28039362440}]}
{"arg":{"channel":"books5","instId":"ETH-USDT"},"data":[{"asks":[["2374.61","0.46825","0","2"],["2374.74","0.779021","0","1"],["2374.75","0.828","0","1"],["2374.76","0.454","0","1"],["2374.78","0.454","0","1"]],"bids":[["2374.6","0.627355","0","2"],["2374.53","0.161825","0","1"],["2374.41","0.694809","0","1"],["2374.4","1.158","0","2"],["2374.33","0.05","0","1"]],"instId":"ETH-USDT","ts":"1722885212408","seqId":28039362508}]}
{"arg":{"channel":"books5","instId":"ETH-USDT"},"data":[{"asks":[["2374.61","0.454","0","1"],["2374.75","0.828","0","1"],["2374.76","0.454","0","1"],["2374.78","0.454","0","1"],["2374.8","0.658","0","1"]],"bids":[["2374.6","0.796199","0","4"],["2374.53","0.161825","0","1"],["2374.41","0.694809","0","1"],["2374.4","1.158","0","2"],["2374.39","2.104764","0","1"]],"instId":"ETH-USDT","ts":"1722885212508","seqId":28039362556}]}
{"arg":{"channel":"books5","instId":"ETH-USDT"},"data":[{"asks":[["2374.61","0.454","0","1"],["2374.75","0.828","0","1"],["2374.76","0.454","0","1"],["2374.77","0.613612","0","1"],["2374.78","0.454","0","1"]],"bids":[["2374.6","0.796199","0","4"],["2374.53","0.161825","0","1"],["2374.41","0.694809","0","1"],["2374.4","1.158","0","2"],["2374.39","2.104764","0","1"]],"instId":"ETH-USDT","ts":"1722885212608","seqId":28039362604}]}
{"arg":{"channel":"books5","instId":"ETH-USDT"},"data":[{"asks":[["2374.75","0.828","0","1"],["2374.76","0.454","0","1"],["2374.77","1.087302","0","2"],["2374.78","0.454","0","1"],["2374.8","0.658","0","1"]],"bids":[["2374.74","0.454","0","1"],["2374.6","0.641605","0","3"],["2374.53","0.161825","0","1"],["2374.41","0.694809","0","1"],["2374.4","1.158","0","2"]],"instId":"ETH-USDT","ts":"1722885212708","seqId":28039362654}]}
{"arg":{"channel":"books5","instId":"ETH-USDT"},"data":[{"asks":[["2374.41","0.2416","0","11"],["2374.54","1.7377","0","6"],["2374.6","0.658","0","1"],["2374.61","1.68295","0","3"],["2374.73","3.510341","0","1"]],"bids":[["2374.4","0.658","0","1"],["2374.33","0.05","0","1"],["2374.3","0.04374","0","1"],["2374.21","0.00015","0","1"],["2374.2","0.664","0","2"]],"instId":"ETH-USDT","ts":"1722885212808","seqId":28039362865}]}
{"arg":{"channel":"books5","instId":"ETH-USDT"},"data":[{"asks":[["2374.41","0.0014","0","1"],["2374.54","0.828","0","1"],["2374.6","0.658","0","1"],["2374.61","1.22895","0","2"],["2374.73","2.137177","0","1"]],"bids":[["2374.4","0.793844","0","3"],["2374.33","0.05","0","1"],["2374.3","0.04374","0","1"],["2374.21","0.00015","0","1"],["2374.2","0.664","0","2"]],"instId":"ETH-USDT","ts":"1722885212908","seqId":28039362966}]}
{"arg":{"channel":"books5","instId":"ETH-USDT"},"data":[{"asks":[["2374.54","0.828","0","1"],["2374.6","0.658","0","1"],["2374.61","1.22895","0","2"],["2374.73","1.976902","0","2"],["2374.75","1.22895","0","2"]],"bids":[["2374.53","0.454","0","1"],["2374.49","0.828","0","1"],["2374.4","0.67225","0","2"],["2374.33","0.05","0","1"],["2374.3","0.04374","0","1"]],"instId":"ETH-USDT","ts":"1722885213008","seqId":28039363029}]}
{"arg":{"channel":"books5","instId":"ETH-USDT"},"data":[{"asks":[["2374.61","0.828","0","1"],["2374.75","0.828","0","1"],["2374.76","0.454","0","1"],["2374.77","0.472229","0","1"],["2374.78","0.454","0","1"]],"bids":[["2374.6","1.517844","0","4"],["2374.59","0.828","0","1"],["2374.53","0.454","0","1"],["2374.49","0.828","0","1"],["2374.4","0.819479","0","2"]],"instId":"ETH-USDT","ts":"1722885213108","seqId":28039363161}]}
{"arg":{"channel":"books5","instId":"ETH-USDT"},"data":[{"asks":[["2374.75","0.828","0","1"],["2374.76","0.454","0","1"],["2374.78","0.454","0","1"],["2374.8","0.658","0","1"],["2374.81","0.496805","0","1"]],"bids":[["2374.74","0.454","0","1"],["2374.6","1.0713","0","3"],["2374.59","0.828","0","1"],["2374.53","0.454","0","1"],["2374.49","0.828","0","1"]],"instId":"ETH-USDT","ts":"1722885213208","seqId":28039363234}]}
{"arg":{"channel":"books5","instId":"ETH-USDT"},"data":[{"asks":[["2374.89","1.282","0","2"],["2375","1.05895","0","2"],["2375.09","0.499362","0","1"],["2375.1","0.832259","0","2"],["2375.15","0.00015","0","1"]],"bids":[["2374.87","0.01425","0","1"],["2374.76","0.0704","0","1"],["2374.69","0.00015","0","1"],["2374.6","0.658","0","1"],["2374.59","0.828","0","1"]],"instId":"ETH-USDT","ts":"1722885213308","seqId":28039363578}]}
{"arg":{"channel":"books5","instId":"ETH-USDT"},"data":[{"asks":[["2374.64","0.88135","0","3"],["2374.76","1.132176","0","1"],["2374.77","1.22895","0","2"],["2374.8","0.658","0","1"],["2374.87","1.009777","0","1"]],"bids":[["2374.63","0.454","0","1"],["2374.6","0.658","0","1"],["2374.49","0.828","0","1"],["2374.48","0.0048","0","1"],["2374.45","0.00015","0","1"]],"instId":"ETH-USDT","ts":"1722885213408","seqId":28039363804}]}
{"arg":{"channel":"books5","instId":"ETH-USDT"},"data":[{"asks":[["2374.76","1.132176","0","1"],["2374.77","0.828","0","1"],["2374.8","0.658","0","1"],["2374.89","1.22895","0","2"],["2374.91","0.00015","0","1"]],"bids":[["2374.63","0.804844","0","3"],["2374.6","0.658","0","1"],["2374.49","0.828","0","1"],["2374.45","0.00015","0","1"],["2374.41","2.104752","0","1"]],"instId":"ETH-USDT","ts":"1722885213508","seqId":28039363855}]}
{"arg":{"channel":"books5","instId":"ETH-USDT"},"data":[{"asks":[["2374.76","0.496808","0","1"],["2374.77","0.828","0","1"],["2374.8","0.658","0","1"],["2374.88","0.737376","0","1"],["2374.89","1.22895","0","2"]],"bids":[["2374.75","0.46825","0","2"],["2374.63","0.454","0","1"],["2374.6","0.658","0","1"],["2374.49","0.828","0","1"],["2374.45","0.00015","0","1"]],"instId":"ETH-USDT","ts":"1722885213608","seqId":28039363924}]}
{"arg":{"channel":"books5","instId":"ETH-USDT"},"data":[{"asks":[["2374.64","0.0391","0","1"],["2374.77","2.26725","0","3"],["2374.8","0.658","0","1"],["2374.88","0.737376","0","1"],["2374.89","1.22895","0","2"]],"bids":[["2374.63","0.454","0","1"],["2374.6","0.658","0","1"],["2374.49","0.828","0","1"],["2374.45","0.00015","0","1"],["2374.4","0.819479","0","2"]],"instId":"ETH-USDT","ts":"1722885213708","seqId":28039364015}]}
{"arg":{"channel":"books5","instId":"ETH-USDT"},"data":[{"asks":[["2374.64","1.33535","0","4"],["2374.76","0.891603","0","1"],["2374.77","0.828","0","1"],["2374.8","0.658","0","1"],["2374.88","1.425","0","1"]],"bids":[["2374.63","0.454","0","1"],["2374.6","0.658","0","1"],["2374.49","0.828","0","1"],["2374.45","0.00015","0","1"],["2374.4","0.819479","0","2"]],"instId":"ETH-USDT","ts":"1722885213808","seqId":28039364093}]}
{"arg":{"channel":"books5","instId":"ETH-USDT"},"data":[{"asks":[["2374.64","0.8671","0","2"],["2374.76","0.891603","0","1"],["2374.77","0.828","0","1"],["2374.8","0.658","0","1"],["2374.87","0.737376","0","1"]],"bids":[["2374.63","0.46825","0","2"],["2374.6","1.158","0","2"],["2374.49","0.828","0","1"],["2374.45","0.00015","0","1"],["2374.4","0.819479","0","2"]],"instId":"ETH-USDT","ts":"1722885213908","seqId":28039364162}]}
{"arg":{"channel":"books5","instId":"ETH-USDT"},"data":[{"asks":[["2374.76","0.891603","0","1"],["2374.77","0.828","0","1"],["2374.8","0.658","0","1"],["2374.87","0.737376","0","1"],["2374.88","1.425","0","1"]],"bids":[["2374.63","0.790844","0","3"],["2374.6","1.158","0","2"],["2374.49","0.828","0","1"],["2374.45","0.00015","0","1"],["2374.4","0.819479","0","2"]],"instId":"ETH-USDT","ts":"1722885214208","seqId":28039364259}]}
{"arg":{"channel":"books5","instId":"ETH-USDT"},"data":[{"asks":[["2374.77","0.84225","0","2"],["2374.8","0.658","0","1"],["2374.87","0.737376","0","1"],["2374.89","1.22895","0","2"],["2374.91","0.00015","0","1"]],"bids":[["2374.76","0.0391","0","1"],["2374.75","0.454","0","1"],["2374.63","0.454","0","1"],["2374.6","1.158","0","2"],["2374.49","0.828","0","1"]],"instId":"ETH-USDT","ts":"1722885214308","seqId":28039364341}]}
{"arg":{"channel":"books5","instId":"ETH-USDT"},"data":[{"asks":[["2374.64","0.84225","0","2"],["2374.75","0.90443","0","1"],["2374.77","0.828","0","1"],["2374.8","0.658","0","1"],["2374.87","0.737376","0","1"]],"bids":[["2374.63","0.454","0","1"],["2374.6","0.658","0","1"],["2374.49","0.828","0","1"],["2374.45","0.00015","0","1"],["2374.4","0.819479","0","2"]],"instId":"ETH-USDT","ts":"1722885214408","seqId":28039364466}]}
{"arg":{"channel":"books5","instId":"ETH-USDT"},"data":[{"asks":[["2374.77","0.84225","0","2"],["2374.8","0.658","0","1"],["2374.87","0.737376","0","1"],["2374.89","1.22895","0","2"],["2374.91","0.00015","0","1"]],"bids":[["2374.76","0.0391","0","1"],["2374.63","0.454","0","1"],["2374.6","0.658","0","1"],["2374.49","0.828","0","1"],["2374.45","0.00015","0","1"]],"instId":"ETH-USDT","ts":"1722885214608","seqId":28039364626}]}
{"arg":{"channel":"books5","instId":"ETH-USDT"},"data":[{"asks":[["2374.61","0.84365","0","3"],["2374.76","0.891608","0","1"],["2374.77","0.828","0","1"],["2374.8","0.658","0","1"],["2374.84","0.855009","0","1"]],"bids":[["2374.45","0.00015","0","1"],["2374.4","0.819479","0","2"],["2374.39","0.01","0","1"],["2374.33","0.05","0","1"],["2374.3","0.04374","0","1"]],"instId":"ETH-USDT","ts":"1722885214708","seqId":28039364717}]}
{"arg":{"channel":"books5","instId":"ETH-USDT"},"data":[{"asks":[["2374.76","0.891608","0","1"],["2374.77","0.828","0","1"],["2374.8","0.658","0","1"],["2374.89","1.22895","0","2"],["2374.9","0.5","0","1"]],"bids":[["2374.75","0.494","0","2"],["2374.6","0.658","0","1"],["2374.59","1.29625","0","3"],["2374.43","0.0704","0","1"],["2374.4","5.819479","0","3"]],"instId":"ETH-USDT","ts":"1722885214808","seqId":28039364976}]}
{"arg":{"channel":"books5","instId":"ETH-USDT"},"data":[{"asks":[["2374.76","0.965052","0","3"],["2374.77","0.828","0","1"],["2374.8","0.658","0","1"],["2374.88","0.737373","0","1"],["2374.89","1.22895","0","2"]],"bids":[["2374.75","0.04","0","1"],["2374.6","0.658","0","1"],["2374.59","0.828","0","1"],["2374.43","0.0704","0","1"],["2374.4","5.819479","0","3"]],"instId":"ETH-USDT","ts":"1722885214908","seqId":28039365067}]}
{"arg":{"channel":"books5","instId":"ETH-USDT"},"data":[{"asks":[["2374.61","1.29625","0","3"],["2374.75","1.167686","0","1"],["2374.76","0.85495","0","2"],["2374.77","0.828","0","1"],["2374.8","0.658","0","1"]],"bids":[["2374.6","0.658","0","1"],["2374.43","0.0704","0","1"],["2374.4","5.819479","0","3"],["2374.39","0.01","0","1"],["2374.33","0.05","0","1"]],"instId":"ETH-USDT","ts":"1722885215008","seqId":28039365163}]}
{"arg":{"channel":"books5","instId":"ETH-USDT"},"data":[{"asks":[["2374.41","0.9097","0","5"],["2374.43","0.512972","0","1"],["2374.44","0.85495","0","2"],["2374.58","1.009774","0","1"],["2374.59","1.282","0","2"]],"bids":[["2374.4","5.161479","0","2"],["2374.2","0.658","0","1"],["2374.16","0.0048","0","1"],["2374.1","0.012","0","2"],["2374","0.00015","0","1"]],"instId":"ETH-USDT","ts":"1722885215208","seqId":28039365653}]}
{"arg":{"channel":"books5","instId":"ETH-USDT"},"data":[{"asks":[["2374.41","1.3211","0","3"],["2374.58","1.806986","0","2"],["2374.59","1.282","0","2"],["2374.6","0.658","0","1"],["2374.61","1.282","0","2"]],"bids":[["2374.4","5.01425","0","2"],["2374.2","0.658","0","1"],["2374.16","0.0048","0","1"],["2374.1","0.012","0","2"],["2374","0.00015","0","1"]],"instId":"ETH-USDT","ts":"1722885215308","seqId":28039365802}]}
{"arg":{"channel":"books5","instId":"ETH-USDT"},"data":[{"asks":[["2374.41","1.33535","0","4"],["2374.58","1.806986","0","2"],["2374.59","1.282","0","2"],["2374.6","0.658","0","1"],["2374.61","1.282","0","2"]],"bids":[["2374.4","5","0","1"],["2374.2","0.658","0","1"],["2374.16","0.0048","0","1"],["2374.1","0.012","0","2"],["2374","0.00015","0","1"]],"instId":"ETH-USDT","ts":"1722885215408","seqId":28039365877}]}
{"arg":{"channel":"books5","instId":"ETH-USDT"},"data":[{"asks":[["2374.21","0.4945","0","3"],["2374.29","0.01425","0","1"],["2374.39","0.773547","0","1"],["2374.4","1.864215","0","3"],["2374.41","1.68295","0","3"]],"bids":[["2374.2","0.658","0","1"],["2374.16","0.0048","0","1"],["2374.1","0.012","0","2"],["2374","0.65815","0","2"],["2373.97","0.00015","0","1"]],"instId":"ETH-USDT","ts":"1722885215508","seqId":28039366137}]}
{"arg":{"channel":"books5","instId":"ETH-USDT"},"data":[{"asks":[["2374.11","1.2446","0","4"],["2374.17","0.40095","0","1"],["2374.2","1.203376","0","2"],["2374.21","0.90895","0","3"],["2374.36","0.021376","0","1"]],"bids":[["2374.1","0.466","0","3"],["2374","0.658","0","1"],["2373.84","0.05","0","1"],["2373.8","0.658","0","1"],["2373.73","0.00495","0","2"]],"instId":"ETH-USDT","ts":"1722885215608","seqId":28039366538}]}
{"arg":{"channel":"books5","instId":"ETH-USDT"},"data":[{"asks":[["2374.11","0.4166","0","3"],["2374.17","0.40095","0","1"],["2374.2","0.658","0","1"],["2374.21","0.90895","0","3"],["2374.36","0.021376","0","1"]],"bids":[["2374.1","0.466","0","3"],["2374","0.658","0","1"],["2373.86","1.425","0","1"],["2373.84","0.05","0","1"],["2373.8","0.658","0","1"]],"instId":"ETH-USDT","ts":"1722885215708","seqId":28039366613}]}
{"arg":{"channel":"books5","instId":"ETH-USDT"},"data":[{"asks":[["2374.11","0.01565","0","2"],["2374.2","0.658","0","1"],["2374.21","0.508","0","2"],["2374.36","0.021376","0","1"],["2374.38","1.742573","0","2"]],"bids":[["2374.1","1.206644","0","5"],["2374","0.658","0","1"],["2373.92","2.105186","0","1"],["2373.84","0.05","0","1"],["2373.8","0.658","0","1"]],"instId":"ETH-USDT","ts":"1722885215808","seqId":28039366709}]}
{"arg":{"channel":"books5","instId":"ETH-USDT"},"data":[{"asks":[["2374.11","0.01565","0","2"],["2374.2","0.658","0","1"],["2374.21","0.508","0","2"],["2374.36","0.021376","0","1"],["2374.38","1.742573","0","2"]],"bids":[["2374.1","0.869188","0","5"],["2374","0.658","0","1"],["2373.86","1.425","0","1"],["2373.84","0.05","0","1"],["2373.8","0.658","0","1"]],"instId":"ETH-USDT","ts":"1722885215908","seqId":28039366810}]}
{"arg":{"channel":"books5","instId":"ETH-USDT"},"data":[{"asks":[["2374.11","0.454","0","1"],["2374.2","0.658","0","1"],["2374.21","0.508","0","2"],["2374.37","0.5","0","1"],["2374.38","1.742573","0","2"]],"bids":[["2374.1","0.415188","0","4"],["2374","0.658","0","1"],["2373.86","1.425","0","1"],["2373.84","0.05","0","1"],["2373.8","0.658","0","1"]],"instId":"ETH-USDT","ts":"1722885216008","seqId":28039366945}]}
{"arg":{"channel":"books5","instId":"ETH-USDT"},"data":[{"asks":[["2374.39","0.773547","0","1"],["2374.4","0.658","0","1"],["2374.41","0.828","0","1"],["2374.58","1.925578","0","2"],["2374.59","2.707","0","3"]],"bids":[["2374.38","0.454","0","1"],["2374.2","0.658","0","1"],["2374.12","0.0704","0","1"],["2374.1","0.48025","0","4"],["2374","0.658","0","1"]],"instId":"ETH-USDT","ts":"1722885216108","seqId":28039367151}]}
{"arg":{"channel":"books5","instId":"ETH-USDT"},"data":[{"asks":[["2374.39","0.787797","0","2"],["2374.4","1.154803","0","2"],["2374.41","0.828","0","1"],["2374.58","1.925578","0","2"],["2374.59","2.707","0","3"]],"bids":[["2374.2","0.658","0","1"],["2374.12","0.0704","0","1"],["2374.1","0.466","0","3"],["2374","0.658","0","1"],["2373.97","0.163031","0","2"]],"instId":"ETH-USDT","ts":"1722885216208","seqId":28039367233}]}
{"arg":{"channel":"books5","instId":"ETH-USDT"},"data":[{"asks":[["2374.38","0.704701","0","1"],["2374.39","1.174497","0","2"],["2374.4","0.658","0","1"],["2374.41","0.828","0","1"],["2374.57","0.021376","0","1"]],"bids":[["2374.37","0.0391","0","1"],["2374.36","0.454","0","1"],["2374.2","0.67225","0","2"],["2374.12","0.0704","0","1"],["2374.1","0.466","0","3"]],"instId":"ETH-USDT","ts":"1722885216308","seqId":28039367313}]}
{"arg":{"channel":"books5","instId":"ETH-USDT"},"data":[{"asks":[["2374.38","0.01425","0","1"],["2374.39","1.270353","0","2"],["2374.4","0.658","0","1"],["2374.41","0.828","0","1"],["2374.57","0.021376","0","1"]],"bids":[["2374.37","0.8671","0","2"],["2374.36","0.454","0","1"],["2374.2","0.658","0","1"],["2374.12","0.0704","0","1"],["2374.1","0.466","0","3"]],"instId":"ETH-USDT","ts":"1722885216408","seqId":28039367358}]}
{"arg":{"channel":"books5","instId":"ETH-USDT"},"data":[{"asks":[["2374.6","0.658","0","1"],["2374.67","0.00015","0","1"],["2374.75","1.40457","0","1"],["2374.76","0.454","0","1"],["2374.77","0.828","0","1"]],"bids":[["2374.59","1.721694","0","4"],["2374.58","0.828","0","1"],["2374.57","1.282","0","2"],["2374.4","0.658","0","1"],["2374.39","0.9377","0","4"]],"instId":"ETH-USDT","ts":"1722885216508","seqId":28039367755}]}
{"arg":{"channel":"books5","instId":"ETH-USDT"},"data":[{"asks":[["2374.91","0.8424","0","3"],["2375","0.658","0","1"],["2375.08","1.224004","0","1"],["2375.09","2.04","0","1"],["2375.15","1.792688","0","3"]],"bids":[["2374.9","0.0391","0","1"],["2374.8","0.658","0","1"],["2374.79","0.828","0","1"],["2374.6","0.658","0","1"],["2374.59","0.828","0","1"]],"instId":"ETH-USDT","ts":"1722885216608","seqId":28039368158}]}
{"arg":{"channel":"books5","instId":"ETH-USDT"},"data":[{"asks":[["2374.8","0.658","0","1"],["2374.89","0.746017","0","1"],["2374.91","1.24335","0","4"],["2375","0.658","0","1"],["2375.13","0.021376","0","1"]],"bids":[["2374.79","0.454","0","1"],["2374.68","0.828","0","1"],["2374.62","0.5244","0","2"],["2374.6","0.658","0","1"],["2374.59","0.828","0","1"]],"instId":"ETH-USDT","ts":"1722885216708","seqId":28039368268}]}
{"arg":{"channel":"books5","instId":"ETH-USDT"},"data":[{"asks":[["2374.8","0.658","0","1"],["2374.89","0.746017","0","1"],["2374.9","0.009626","0","1"],["2374.91","1.24335","0","4"],["2375","0.664","0","2"]],"bids":[["2374.79","0.454","0","1"],["2374.68","0.828","0","1"],["2374.62","0.5244","0","2"],["2374.6","0.658","0","1"],["2374.59","0.828","0","1"]],"instId":"ETH-USDT","ts":"1722885216808","seqId":28039368327}]}
{"arg":{"channel":"books5","instId":"ETH-USDT"},"data":[{"asks":[["2374.89","1.002674","0","2"],["2374.9","0.009626","0","1"],["2374.91","0.82815","0","2"],["2375","0.664","0","2"],["2375.1","0.006","0","1"]],"bids":[["2374.88","0.0391","0","1"],["2374.79","0.813844","0","3"],["2374.68","1.328","0","2"],["2374.62","0.5244","0","2"],["2374.6","0.658","0","1"]],"instId":"ETH-USDT","ts":"1722885216908","seqId":28039368368}]}
{"arg":{"channel":"books5","instId":"ETH-USDT"},"data":[{"asks":[["2374.81","1.282","0","2"],["2374.89","1.280328","0","1"],["2374.9","1.305876","0","4"],["2374.91","0.828","0","1"],["2375","0.664","0","2"]],"bids":[["2374.8","0.658","0","1"],["2374.79","0.454","0","1"],["2374.68","1.328","0","2"],["2374.62","0.5244","0","2"],["2374.6","0.658","0","1"]],"instId":"ETH-USDT","ts":"1722885217008","seqId":28039368523}]}
{"arg":{"channel":"books5","instId":"ETH-USDT"},"data":[{"asks":[["2374.9","0.837626","0","2"],["2375","0.664","0","2"],["2375.1","0.006","0","1"],["2375.14","1.425","0","1"],["2375.15","0.367688","0","2"]],"bids":[["2374.89","0.4924","0","4"],["2374.8","1.05705","0","2"],["2374.79","0.454","0","1"],["2374.68","1.328","0","2"],["2374.62","0.5244","0","2"]],"instId":"ETH-USDT","ts":"1722885217108","seqId":28039368780}]}
{"arg":{"channel":"books5","instId":"ETH-USDT"},"data":[{"asks":[["2374.63","0.84225","0","2"],["2374.8","0.679376","0","2"],["2374.81","0.40095","0","1"],["2374.86","1.04942","0","1"],["2374.87","1.425","0","1"]],"bids":[["2374.62","0.454","0","1"],["2374.6","0.658","0","1"],["2374.59","0.828","0","1"],["2374.56","0.24","0","1"],["2374.45","0.00015","0","1"]],"instId":"ETH-USDT","ts":"1722885217208","seqId":28039368945}]}
{"arg":{"channel":"books5","instId":"ETH-USDT"},"data":[{"asks":[["2374.63","0.84225","0","2"],["2374.8","0.658","0","1"],["2374.81","0.40095","0","1"],["2374.86","1.04942","0","1"],["2374.87","1.425","0","1"]],"bids":[["2374.62","0.454","0","1"],["2374.6","0.658","0","1"],["2374.59","0.828","0","1"],["2374.56","0.24","0","1"],["2374.45","0.00015","0","1"]],"instId":"ETH-USDT","ts":"1722885217308","seqId":28039369005}]}
{"arg":{"channel":"books5","instId":"ETH-USDT"},"data":[{"asks":[["2374.8","0.658","0","1"],["2374.86","0.496892","0","1"],["2374.9","0.828","0","1"],["2374.91","0.00015","0","1"],["2374.98","0.5","0","1"]],"bids":[["2374.79","1.282","0","2"],["2374.62","0.8673","0","3"],["2374.6","1.158","0","2"],["2374.59","0.828","0","1"],["2374.45","0.00015","0","1"]],"instId":"ETH-USDT","ts":"1722885217408","seqId":28039369063}]}
{"arg":{"channel":"books5","instId":"ETH-USDT"},"data":[{"asks":[["2374.8","0.658","0","1"],["2374.86","0.496892","0","1"],["2374.9","0.828","0","1"],["2374.91","0.00015","0","1"],["2374.98","0.5","0","1"]],"bids":[["2374.79","0.800594","0","2"],["2374.62","0.8673","0","3"],["2374.6","1.158","0","2"],["2374.59","0.828","0","1"],["2374.47","0.24","0","1"]],"instId":"ETH-USDT","ts":"1722885217508","seqId":28039369126}]}
{"arg":{"channel":"books5","instId":"ETH-USDT"},"data":[{"asks":[["2374.79","0.643925","0","1"],["2374.8","1.0732","0","3"],["2374.86","0.855007","0","1"],["2374.87","1.425","0","1"],["2374.9","0.828","0","1"]],"bids":[["2374.78","0.454","0","1"],["2374.63","0.828","0","1"],["2374.62","0.454","0","1"],["2374.6","1.158","0","2"],["2374.59","0.828","0","1"]],"instId":"ETH-USDT","ts":"1722885217708","seqId":28039369217}]}
{"arg":{"channel":"books5","instId":"ETH-USDT"},"data":[{"asks":[["2374.79","0.643925","0","1"],["2374.8","1.0732","0","3"],["2374.9","0.828","0","1"],["2374.91","0.00015","0","1"],["2374.98","0.5","0","1"]],"bids":[["2374.78","0.454","0","1"],["2374.63","0.828","0","1"],["2374.62","0.454","0","1"],["2374.6","1.158","0","2"],["2374.59","0.828","0","1"]],"instId":"ETH-USDT","ts":"1722885217808","seqId":28039369244}]}
{"arg":{"channel":"books5","instId":"ETH-USDT"},"data":[{"asks":[["2375","0.591064","0","1"],["2375.1","0.006","0","1"],["2375.15","0.367688","0","2"],["2375.19","0.670805","0","1"],["2375.2","1.118","0","3"]],"bids":[["2374.99","1.4411","0","6"],["2374.91","0.471994","0","2"],["2374.9","1.697844","0","4"],["2374.88","0.85305","0","2"],["2374.8","0.658","0","1"]],"instId":"ETH-USDT","ts":"1722885217908","seqId":28039369533}]}
{"arg":{"channel":"books5","instId":"ETH-USDT"},"data":[{"asks":[["2374.69","0.0391","0","1"],["2374.7","0.454","0","1"],["2374.8","0.658","0","1"],["2374.88","0.01425","0","1"],["2374.96","5.154691","0","1"]],"bids":[["2374.68","0.454","0","1"],["2374.6","1.158","0","2"],["2374.47","0.24","0","1"],["2374.41","0.0048","0","1"],["2374.4","0.678373","0","2"]],"instId":"ETH-USDT","ts":"1722885218008","seqId":28039369745}]}
{"arg":{"channel":"books5","instId":"ETH-USDT"},"data":[{"asks":[["2374.69","0.05335","0","2"],["2374.8","0.658","0","1"],["2374.95","0.021376","0","1"],["2374.96","2.504636","0","1"],["2374.98","0.454","0","1"]],"bids":[["2374.68","0.796594","0","2"],["2374.6","1.158","0","2"],["2374.45","0.231978","0","1"],["2374.44","1.425","0","1"],["2374.41","0.0048","0","1"]],"instId":"ETH-USDT","ts":"1722885218108","seqId":28039369801}]}
{"arg":{"channel":"books5","instId":"ETH-USDT"},"data":[{"asks":[["2375","0.591064","0","1"],["2375.1","0.006","0","1"],["2375.15","0.00015","0","1"],["2375.16","1.418925","0","2"],["2375.2","1.118","0","3"]],"bids":[["2374.99","1.29625","0","3"],["2374.94","0.398594","0","1"],["2374.93","1.193644","0","3"],["2374.81","0.39905","0","1"],["2374.8","0.658","0","1"]],"instId":"ETH-USDT","ts":"1722885218208","seqId":28039369981}]}
{"arg":{"channel":"books5","instId":"ETH-USDT"},"data":[{"asks":[["2375","0.591064","0","1"],["2375.1","0.006","0","1"],["2375.15","0.00015","0","1"],["2375.16","0.855004","0","1"],["2375.2","1.118","0","3"]],"bids":[["2374.99","1.6953","0","4"],["2374.93","0.85305","0","2"],["2374.81","0.39905","0","1"],["2374.8","0.658","0","1"],["2374.68","0.85305","0","2"]],"instId":"ETH-USDT","ts":"1722885218308","seqId":28039370044}]}
{"arg":{"channel":"books5","instId":"ETH-USDT"},"data":[{"asks":[["2375","0.591064","0","1"],["2375.1","0.006","0","1"],["2375.15","0.00015","0","1"],["2375.16","1.355004","0","2"],["2375.2","1.118","0","3"]],"bids":[["2374.99","1.6953","0","4"],["2374.93","0.85305","0","2"],["2374.86","0.5","0","1"],["2374.81","0.39905","0","1"],["2374.8","0.658","0","1"]],"instId":"ETH-USDT","ts":"1722885218408","seqId":28039370074}]}
{"arg":{"channel":"books5","instId":"ETH-USDT"},"data":[{"asks":[["2374.94","0.46825","0","2"],["2375","0.591064","0","1"],["2375.15","0.021526","0","2"],["2375.16","1.918928","0","3"],["2375.18","1.425","0","1"]],"bids":[["2374.93","0.454","0","1"],["2374.84","5","0","1"],["2374.81","0.39905","0","1"],["2374.8","0.658","0","1"],["2374.68","0.85305","0","2"]],"instId":"ETH-USDT","ts":"1722885218508","seqId":28039370147}]}
{"arg":{"channel":"books5","instId":"ETH-USDT"},"data":[{"asks":[["2374.94","0.01425","0","1"],["2375","0.591064","0","1"],["2375.15","0.00015","0","1"],["2375.16","1.918928","0","3"],["2375.18","1.425","0","1"]],"bids":[["2374.93","0.799594","0","2"],["2374.84","5","0","1"],["2374.81","0.39905","0","1"],["2374.8","0.658","0","1"],["2374.69","1.425","0","1"]],"instId":"ETH-USDT","ts":"1722885218608","seqId":28039370210}]}
{"arg":{"channel":"books5","instId":"ETH-USDT"},"data":[{"asks":[["2375.2","0.024686","0","1"],["2375.3","0.006","0","1"],["2375.39","0.00015","0","1"],["2375.4","1.791402","0","3"],["2375.41","0.454","0","1"]],"bids":[["2375.19","1.40665","0","5"],["2375.15","1.68105","0","3"],["2375","0.658","0","1"],["2374.96","1.282","0","2"],["2374.95","1.425","0","1"]],"instId":"ETH-USDT","ts":"1722885218708","seqId":28039370583}]}
{"arg":{"channel":"books5","instId":"ETH-USDT"},"data":[{"asks":[["2375.39","1.0714","0","2"],["2375.4","0.658","0","1"],["2375.41","0.454","0","1"],["2375.49","0.454","0","1"],["2375.5","0.006","0","1"]],"bids":[["2375.32","0.828","0","1"],["2375.2","1.124588","0","4"],["2375.19","1.29625","0","3"],["2375.15","1.282","0","2"],["2375","0.658","0","1"]],"instId":"ETH-USDT","ts":"1722885218808","seqId":28039370782}]}
{"arg":{"channel":"books5","instId":"ETH-USDT"},"data":[{"asks":[["2375.39","0.45415","0","2"],["2375.4","0.658","0","1"],["2375.41","0.454","0","1"],["2375.49","0.454","0","1"],["2375.5","0.006","0","1"]],"bids":[["2375.38","0.803844","0","3"],["2375.32","0.828","0","1"],["2375.2","0.7284","0","2"],["2375.19","1.68105","0","3"],["2375.15","1.782","0","3"]],"instId":"ETH-USDT","ts":"1722885218908","seqId":28039370850}]}
{"arg":{"channel":"books5","instId":"ETH-USDT"},"data":[{"asks":[["2375.55","0.454","0","1"],["2375.59","0.677205","0","2"],["2375.6","1.118","0","3"],["2375.63","0.00015","0","1"],["2375.66","0.05","0","1"]],"bids":[["2375.54","0.454","0","1"],["2375.49","0.828","0","1"],["2375.48","1.29625","0","3"],["2375.4","0.658","0","1"],["2375.38","0.85305","0","2"]],"instId":"ETH-USDT","ts":"1722885219108","seqId":28039371140}]}
{"arg":{"channel":"books5","instId":"ETH-USDT"},"data":[{"asks":[["2375.55","0.454","0","1"],["2375.59","0.670808","0","1"],["2375.6","1.118","0","3"],["2375.7","0.006","0","1"],["2375.79","1.425","0","1"]],"bids":[["2375.54","0.793844","0","3"],["2375.49","0.828","0","1"],["2375.48","1.282","0","2"],["2375.4","0.658","0","1"],["2375.38","0.85305","0","2"]],"instId":"ETH-USDT","ts":"1722885219208","seqId":28039371313}]}
{"arg":{"channel":"books5","instId":"ETH-USDT"},"data":[{"asks":[["2375.21","0.50735","0","3"],["2375.32","1.018329","0","1"],["2375.33","1.68295","0","3"],["2375.4","0.658","0","1"],["2375.41","1.282","0","2"]],"bids":[["2375.2","0.658","0","1"],["2375.19","0.454","0","1"],["2375.15","0.5","0","1"],["2375","0.658","0","1"],["2374.96","0.0048","0","1"]],"instId":"ETH-USDT","ts":"1722885219308","seqId":28039371581}]}
{"arg":{"channel":"books5","instId":"ETH-USDT"},"data":[{"asks":[["2375.21","0.05335","0","2"],["2375.32","1.018329","0","1"],["2375.4","0.658","0","1"],["2375.41","0.828","0","1"],["2375.53","0.855005","0","1"]],"bids":[["2375.2","0.801594","0","2"],["2375","0.658","0","1"],["2374.96","3.534067","0","3"],["2374.93","0.39905","0","1"],["2374.9","0.004349","0","1"]],"instId":"ETH-USDT","ts":"1722885219408","seqId":28039371676}]}
{"arg":{"channel":"books5","instId":"ETH-USDT"},"data":[{"asks":[["2375.21","0.0391","0","1"],["2375.4","1.154804","0","2"],["2375.41","0.828","0","1"],["2375.55","0.85495","0","2"],["2375.59","0.670807","0","1"]],"bids":[["2375.2","0.815844","0","3"],["2375","0.658","0","1"],["2374.96","1.4298","0","2"],["2374.93","0.39905","0","1"],["2374.9","0.004349","0","1"]],"instId":"ETH-USDT","ts":"1722885219508","seqId":28039371748}]}
{"arg":{"channel":"books5","instId":"ETH-USDT"},"data":[{"asks":[["2375.09","0.01425","0","1"],["2375.18","1.176827","0","1"],["2375.2","0.658","0","1"],["2375.21","1.282","0","2"],["2375.39","0.021376","0","1"]],"bids":[["2375.08","0.454","0","1"],["2375","1.05705","0","2"],["2374.9","0.004349","0","1"],["2374.85","0.167993","0","1"],["2374.84","5","0","1"]],"instId":"ETH-USDT","ts":"1722885219608","seqId":28039371954}]}
{"arg":{"channel":"books5","instId":"ETH-USDT"},"data":[{"asks":[["2375.4","1.154808","0","2"],["2375.41","0.828","0","1"],["2375.55","0.454","0","1"],["2375.59","0.670807","0","1"],["2375.6","1.118","0","3"]],"bids":[["2375.39","1.68105","0","3"],["2375.2","0.7284","0","2"],["2375.19","1.282","0","2"],["2375.17","1.68105","0","3"],["2375.08","0.85305","0","2"]],"instId":"ETH-USDT","ts":"1722885219708","seqId":28039372092}]}
{"arg":{"channel":"books5","instId":"ETH-USDT"},"data":[{"asks":[["2375.41","0.454","0","1"],["2375.54","0.84225","0","2"],["2375.55","0.454","0","1"],["2375.59","0.670807","0","1"],["2375.6","1.118","0","3"]],"bids":[["2375.4","0.658","0","1"],["2375.39","1.22705","0","2"],["2375.2","0.7284","0","2"],["2375.19","0.828","0","1"],["2375.17","1.22705","0","2"]],"instId":"ETH-USDT","ts":"1722885219808","seqId":28039372190}]}
{"arg":{"channel":"books5","instId":"ETH-USDT"},"data":[{"asks":[["2375.41","0.46825","0","2"],["2375.51","0.769203","0","1"],["2375.52","1.282","0","2"],["2375.54","0.828","0","1"],["2375.55","0.454","0","1"]],"bids":[["2375.4","0.658","0","1"],["2375.39","0.828","0","1"],["2375.2","0.7284","0","2"],["2375.19","0.828","0","1"],["2375.17","0.39905","0","1"]],"instId":"ETH-USDT","ts":"1722885219908","seqId":28039372316}]}
{"arg":{"channel":"books5","instId":"ETH-USDT"},"data":[{"asks":[["2375.54","0.828","0","1"],["2375.55","0.454","0","1"],["2375.59","0.670807","0","1"],["2375.6","1.149626","0","3"],["2375.63","0.00015","0","1"]],"bids":[["2375.5","1.725594","0","4"],["2375.4","0.67225","0","2"],["2375.39","0.828","0","1"],["2375.2","0.7284","0","2"],["2375.19","0.828","0","1"]],"instId":"ETH-USDT","ts":"1722885220008","seqId":28039372426}]}
{"arg":{"channel":"books5","instId":"ETH-USDT"},"data":[{"asks":[["2375.54","0.828","0","1"],["2375.55","0.454","0","1"],["2375.59","0.670807","0","1"],["2375.6","1.112","0","2"],["2375.63","0.00015","0","1"]],"bids":[["2375.53","0.85305","0","2"],["2375.5","0.454","0","1"],["2375.4","0.658","0","1"],["2375.39","0.828","0","1"],["2375.2","0.7284","0","2"]],"instId":"ETH-USDT","ts":"1722885220108","seqId":28039372482}]}
{"arg":{"channel":"books5","instId":"ETH-USDT"},"data":[{"asks":[["2375.54","0.828","0","1"],["2375.55","0.454","0","1"],["2375.59","0.670807","0","1"],["2375.6","1.149626","0","3"],["2375.63","0.00015","0","1"]],"bids":[["2375.53","0.39905","0","1"],["2375.5","0.454","0","1"],["2375.4","0.658","0","1"],["2375.39","0.828","0","1"],["2375.2","0.7284","0","2"]],"instId":"ETH-USDT","ts":"1722885220208","seqId":28039372528}]}
{"arg":{"channel":"books5","instId":"ETH-USDT"},"data":[{"asks":[["2375.41","0.828","0","1"],["2375.5","0.494579","0","1"],["2375.51","0.828","0","1"],["2375.54","0.84225","0","2"],["2375.55","0.954","0","2"]],"bids":[["2375.4","0.658","0","1"],["2375.39","0.828","0","1"],["2375.2","0.7284","0","2"],["2375.19","0.828","0","1"],["2375.17","0.39905","0","1"]],"instId":"ETH-USDT","ts":"1722885220308","seqId":28039372612}]}
{"arg":{"channel":"books5","instId":"ETH-USDT"},"data":[{"asks":[["2375.5","0.494579","0","1"],["2375.51","0.828","0","1"],["2375.54","0.828","0","1"],["2375.55","0.954","0","2"],["2375.59","0.667201","0","1"]],"bids":[["2375.49","1.282","0","2"],["2375.4","1.05705","0","2"],["2375.39","0.828","0","1"],["2375.2","0.7284","0","2"],["2375.19","0.828","0","1"]],"instId":"ETH-USDT","ts":"1722885220408","seqId":28039372690}]}
{"arg":{"channel":"books5","instId":"ETH-USDT"},"data":[{"asks":[["2375.21","0.50735","0","3"],["2375.4","0.679376","0","2"],["2375.41","0.828","0","1"],["2375.48","2.029548","0","1"],["2375.49","1.425","0","1"]],"bids":[["2375.2","0.658","0","1"],["2375.19","0.828","0","1"],["2375.08","0.454","0","1"],["2375","1.05705","0","2"],["2374.93","0.00015","0","1"]],"instId":"ETH-USDT","ts":"1722885220608","seqId":28039373131}]}
{"arg":{"channel":"books5","instId":"ETH-USDT"},"data":[{"asks":[["2375.2","1.1123","0","4"],["2375.21","0.454","0","1"],["2375.4","0.679376","0","2"],["2375.41","0.828","0","1"],["2375.48","2.029548","0","1"]],"bids":[["2375.19","0.828","0","1"],["2375.08","0.454","0","1"],["2375","0.658","0","1"],["2374.93","0.00015","0","1"],["2374.92","0.227289","0","2"]],"instId":"ETH-USDT","ts":"1722885220708","seqId":28039373244}]}
{"arg":{"channel":"books5","instId":"ETH-USDT"},"data":[{"asks":[["2375.2","1.1123","0","4"],["2375.21","0.454","0","1"],["2375.27","0.5","0","1"],["2375.4","0.679376","0","2"],["2375.41","0.828","0","1"]],"bids":[["2375.19","0.828","0","1"],["2375.08","0.954","0","2"],["2375","0.658","0","1"],["2374.93","0.00015","0","1"],["2374.92","0.0048","0","1"]],"instId":"ETH-USDT","ts":"1722885220908","seqId":28039373337}]}
{"arg":{"channel":"books5","instId":"ETH-USDT"},"data":[{"asks":[["2375.27","0.01425","0","1"],["2375.4","0.658","0","1"],["2375.41","0.828","0","1"],["2375.48","1.25565","0","2"],["2375.5","0.454","0","1"]],"bids":[["2375.26","0.828","0","1"],["2375.2","0.658","0","1"],["2375.19","0.828","0","1"],["2375.08","0.954","0","2"],["2375","0.658","0","1"]],"instId":"ETH-USDT","ts":"1722885221008","seqId":28039373523}]}
{"arg":{"channel":"books5","instId":"ETH-USDT"},"data":[{"asks":[["2375.09","0.0391","0","1"],["2375.21","0.46825","0","2"],["2375.27","0.454","0","1"],["2375.4","0.658","0","1"],["2375.41","0.828","0","1"]],"bids":[["2375.08","0.954","0","2"],["2375","0.658","0","1"],["2374.93","0.00015","0","1"],["2374.92","0.0048","0","1"],["2374.9","0.004373","0","1"]],"instId":"ETH-USDT","ts":"1722885221108","seqId":28039373743}]}
{"arg":{"channel":"books5","instId":"ETH-USDT"},"data":[{"asks":[["2375.39","0.021376","0","1"],["2375.4","0.658","0","1"],["2375.41","0.828","0","1"],["2375.49","1.528058","0","2"],["2375.5","0.454","0","1"]],"bids":[["2375.08","0.842844","0","3"],["2375","0.658","0","1"],["2374.93","0.00015","0","1"],["2374.92","0.0048","0","1"],["2374.9","0.004373","0","1"]],"instId":"ETH-USDT","ts":"1722885221208","seqId":28039373863}]}
{"arg":{"channel":"books5","instId":"ETH-USDT"},"data":[{"asks":[["2375.38","0.496804","0","1"],["2375.39","0.828","0","1"],["2375.41","0.828","0","1"],["2375.49","0.496803","0","1"],["2375.5","0.454","0","1"]],"bids":[["2375.37","0.454","0","1"],["2375.23","1.68105","0","3"],["2375.2","0.658","0","1"],["2375.11","0.0704","0","1"],["2375.08","0.85305","0","2"]],"instId":"ETH-USDT","ts":"1722885221308","seqId":28039373987}]}
{"arg":{"channel":"books5","instId":"ETH-USDT"},"data":[{"asks":[["2375.24","0.454","0","1"],["2375.38","0.511054","0","2"],["2375.39","0.828","0","1"],["2375.41","0.828","0","1"],["2375.48","1.425","0","1"]],"bids":[["2375.23","1.68105","0","3"],["2375.2","0.658","0","1"],["2375.11","0.0704","0","1"],["2375.08","0.85305","0","2"],["2375","0.658","0","1"]],"instId":"ETH-USDT","ts":"1722885221408","seqId":28039374029}]}
{"arg":{"channel":"books5","instId":"ETH-USDT"},"data":[{"asks":[["2375.24","0.468154","0","2"],["2375.38","0.496804","0","1"],["2375.39","0.828","0","1"],["2375.4","0.658","0","1"],["2375.41","0.828","0","1"]],"bids":[["2375.23","1.282","0","2"],["2375.2","0.658","0","1"],["2375.11","0.0704","0","1"],["2375.08","0.454","0","1"],["2375","0.658","0","1"]],"instId":"ETH-USDT","ts":"1722885221508","seqId":28039374091}]}
{"arg":{"channel":"books5","instId":"ETH-USDT"},"data":[{"asks":[["2375.21","0.46825","0","2"],["2375.24","0.453904","0","1"],["2375.38","0.496804","0","1"],["2375.39","0.828","0","1"],["2375.4","0.658","0","1"]],"bids":[["2375.2","0.828594","0","2"],["2375.08","0.454","0","1"],["2375","0.658","0","1"],["2374.93","0.00015","0","1"],["2374.92","0.0048","0","1"]],"instId":"ETH-USDT","ts":"1722885221608","seqId":28039374187}]}
{"arg":{"channel":"books5","instId":"ETH-USDT"},"data":[{"asks":[["2375.21","0.01425","0","1"],["2375.24","0.453904","0","1"],["2375.28","0.5","0","1"],["2375.38","0.496804","0","1"],["2375.39","0.828","0","1"]],"bids":[["2375.2","0.828594","0","2"],["2375.16","0.5","0","1"],["2375.08","0.454","0","1"],["2375","0.658","0","1"],["2374.93","0.00015","0","1"]],"instId":"ETH-USDT","ts":"1722885221808","seqId":28039374276}]}
{"arg":{"channel":"books5","instId":"ETH-USDT"},"data":[{"asks":[["2375.38","1.282","0","2"],["2375.39","0.891608","0","1"],["2375.4","0.658","0","1"],["2375.41","0.828","0","1"],["2375.5","0.454","0","1"]],"bids":[["2375.37","0.85305","0","2"],["2375.2","1.0713","0","3"],["2375.16","0.5","0","1"],["2375.08","0.454","0","1"],["2375","0.658","0","1"]],"instId":"ETH-USDT","ts":"1722885221908","seqId":28039374400}]}
{"arg":{"channel":"books5","instId":"ETH-USDT"},"data":[{"asks":[["2375.38","0.01425","0","1"],["2375.39","0.891608","0","1"],["2375.4","0.658","0","1"],["2375.5","0.454","0","1"],["2375.51","0.828","0","1"]],"bids":[["2375.37","0.825594","0","2"],["2375.2","1.05705","0","2"],["2375.16","0.5","0","1"],["2375.08","0.454","0","1"],["2375","0.658","0","1"]],"instId":"ETH-USDT","ts":"1722885222008","seqId":28039374480}]}
{"arg":{"channel":"books5","instId":"ETH-USDT"},"data":[{"asks":[["2375.38","0.46825","0","2"],["2375.4","0.658","0","1"],["2375.49","0.7692","0","1"],["2375.5","0.454","0","1"],["2375.51","0.828","0","1"]],"bids":[["2375.37","0.825594","0","2"],["2375.2","1.05705","0","2"],["2375.16","0.5","0","1"],["2375.08","0.454","0","1"],["2375.02","2.104208","0","1"]],"instId":"ETH-USDT","ts":"1722885222108","seqId":28039374563}]}
{"arg":{"channel":"books5","instId":"ETH-USDT"},"data":[{"asks":[["2375.38","0.46825","0","2"],["2375.4","0.658","0","1"],["2375.49","0.7692","0","1"],["2375.5","0.454","0","1"],["2375.51","0.828","0","1"]],"bids":[["2375.37","0.825594","0","2"],["2375.2","1.05705","0","2"],["2375.17","0.5","0","1"],["2375.08","0.454","0","1"],["2375.02","2.104208","0","1"]],"instId":"ETH-USDT","ts":"1722885222208","seqId":28039374600}]}
{"arg":{"channel":"books5","instId":"ETH-USDT"},"data":[{"asks":[["2375.09","0.0391","0","1"],["2375.2","0.658","0","1"],["2375.26","0.01425","0","1"],["2375.36","0.021376","0","1"],["2375.37","1.762771","0","1"]],"bids":[["2375.08","0.827594","0","2"],["2375","0.658","0","1"],["2374.85","0.407993","0","2"],["2374.84","5","0","1"],["2374.81","0.39905","0","1"]],"instId":"ETH-USDT","ts":"1722885222308","seqId":28039374799}]}
{"arg":{"channel":"books5","instId":"ETH-USDT"},"data":[{"asks":[["2375.2","0.67225","0","2"],["2375.37","0.667209","0","1"],["2375.38","0.454","0","1"],["2375.4","0.658","0","1"],["2375.43","0.855001","0","1"]],"bids":[["2375.19","1.282","0","2"],["2375.08","0.454","0","1"],["2375","0.658","0","1"],["2374.85","0.407993","0","2"],["2374.84","5","0","1"]],"instId":"ETH-USDT","ts":"1722885222408","seqId":28039374937}]}
{"arg":{"channel":"books5","instId":"ETH-USDT"},"data":[{"asks":[["2375.2","0.67225","0","2"],["2375.37","1.167209","0","2"],["2375.38","0.454","0","1"],["2375.4","0.658","0","1"],["2375.49","0.496802","0","1"]],"bids":[["2375.19","0.828","0","1"],["2375.08","0.454","0","1"],["2375","0.658","0","1"],["2374.85","0.407993","0","2"],["2374.84","5","0","1"]],"instId":"ETH-USDT","ts":"1722885222508","seqId":28039374975}]}
{"arg":{"channel":"books5","instId":"ETH-USDT"},"data":[{"asks":[["2375.38","0.454","0","1"],["2375.4","0.658","0","1"],["2375.49","0.496805","0","1"],["2375.5","0.454","0","1"],["2375.51","0.828","0","1"]],"bids":[["2375.37","0.05425","0","2"],["2375.2","0.658","0","1"],["2375.19","1.22705","0","2"],["2375.08","0.454","0","1"],["2375","0.658","0","1"]],"instId":"ETH-USDT","ts":"1722885222608","seqId":28039375078}]}
{"arg":{"channel":"books5","instId":"ETH-USDT"},"data":[{"asks":[["2375.38","1.89325","0","3"],["2375.4","0.658","0","1"],["2375.49","0.496805","0","1"],["2375.5","0.454","0","1"],["2375.51","0.828","0","1"]],"bids":[["2375.2","0.658","0","1"],["2375.08","0.454","0","1"],["2375","0.658","0","1"],["2374.93","0.00015","0","1"],["2374.89","0.0048","0","1"]],"instId":"ETH-USDT","ts":"1722885222708","seqId":28039375118}]}
{"arg":{"channel":"books5","instId":"ETH-USDT"},"data":[{"asks":[["2375.09","0.4931","0","2"],["2375.19","0.667202","0","1"],["2375.2","0.658","0","1"],["2375.21","0.454","0","1"],["2375.26","0.01425","0","1"]],"bids":[["2375.08","0.824594","0","2"],["2375","0.658","0","1"],["2374.93","0.00015","0","1"],["2374.89","0.0048","0","1"],["2374.85","4.04223","0","3"]],"instId":"ETH-USDT","ts":"1722885222808","seqId":28039375207}]}
{"arg":{"channel":"books5","instId":"ETH-USDT"},"data":[{"asks":[["2375.09","0.4931","0","2"],["2375.19","0.667202","0","1"],["2375.2","0.658","0","1"],["2375.21","0.454","0","1"],["2375.36","0.021376","0","1"]],"bids":[["2375.08","0.838844","0","3"],["2375","0.658","0","1"],["2374.93","0.00015","0","1"],["2374.89","0.0048","0","1"],["2374.85","4.04223","0","3"]],"instId":"ETH-USDT","ts":"1722885222908","seqId":28039375236}]}
{"arg":{"channel":"books5","instId":"ETH-USDT"},"data":[{"asks":[["2375.4","0.658","0","1"],["2375.49","0.7692","0","1"],["2375.5","0.454","0","1"],["2375.51","0.828","0","1"],["2375.54","0.828","0","1"]],"bids":[["2375.35","1.282","0","2"],["2375.2","1.47685","0","3"],["2375.19","1.2179","0","3"],["2375.11","0.0704","0","1"],["2375.08","3.31825","0","4"]],"instId":"ETH-USDT","ts":"1722885223008","seqId":28039375356}]}
{"arg":{"channel":"books5","instId":"ETH-USDT"},"data":[{"asks":[["2375.49","0.7692","0","1"],["2375.5","0.454","0","1"],["2375.54","0.828","0","1"],["2375.55","0.454","0","1"],["2375.59","0.667201","0","1"]],"bids":[["2375.39","1.33625","0","4"],["2375.35","1.68105","0","3"],["2375.2","0.658","0","1"],["2375.11","0.3104","0","2"],["2375.09","1.982402","0","1"]],"instId":"ETH-USDT","ts":"1722885223108","seqId":28039375488}]}
{"arg":{"channel":"books5","instId":"ETH-USDT"},"data":[{"asks":[["2375.49","0.828","0","1"],["2375.5","0.8692","0","3"],["2375.54","0.828","0","1"],["2375.55","0.454","0","1"],["2375.59","0.667201","0","1"]],"bids":[["2375.2","0.658","0","1"],["2375.17","0.00015","0","1"],["2375.11","0.3104","0","2"],["2375.08","0.454","0","1"],["2375.05","0.01","0","1"]],"instId":"ETH-USDT","ts":"1722885223208","seqId":28039375600}]}
{"arg":{"channel":"books5","instId":"ETH-USDT"},"data":[{"asks":[["2375.4","0.658","0","1"],["2375.48","1.018326","0","1"],["2375.49","0.828","0","1"],["2375.5","0.454","0","1"],["2375.54","0.828","0","1"]],"bids":[["2375.21","0.869594","0","2"],["2375.2","0.658","0","1"],["2375.17","0.00015","0","1"],["2375.11","0.24","0","1"],["2375.08","0.454","0","1"]],"instId":"ETH-USDT","ts":"1722885223308","seqId":28039375695}]}
{"arg":{"channel":"books5","instId":"ETH-USDT"},"data":[{"asks":[["2375.5","0.454","0","1"],["2375.55","0.954","0","2"],["2375.59","0.667201","0","1"],["2375.6","1.112","0","2"],["2375.63","0.00015","0","1"]],"bids":[["2375.49","1.242894","0","4"],["2375.47","0.454","0","1"],["2375.4","0.658","0","1"],["2375.39","1.68105","0","3"],["2375.21","0.85305","0","2"]],"instId":"ETH-USDT","ts":"1722885223408","seqId":28039375772}]}
{"arg":{"channel":"books5","instId":"ETH-USDT"},"data":[{"asks":[["2375.8","0.006","0","1"],["2375.87","0.00015","0","1"],["2375.95","5.125575","0","1"],["2375.96","2.04","0","1"],["2375.98","0.162054","0","1"]],"bids":[["2375.79","1.6953","0","4"],["2375.76","1.68105","0","3"],["2375.61","0.0704","0","1"],["2375.6","0.658","0","1"],["2375.58","1.68105","0","3"]],"instId":"ETH-USDT","ts":"1722885223508","seqId":28039376098}]}
{"arg":{"channel":"books5","instId":"ETH-USDT"},"data":[{"asks":[["2375.73","1.282","0","2"],["2375.8","1.118","0","3"],["2375.99","0.021376","0","1"],["2376","0.658","0","1"],["2376.01","0.367538","0","1"]],"bids":[["2375.72","0.828","0","1"],["2375.63","0.0704","0","1"],["2375.6","0.658","0","1"],["2375.58","1.22705","0","2"],["2375.56","5","0","1"]],"instId":"ETH-USDT","ts":"1722885223608","seqId":28039376302}]}
{"arg":{"channel":"books5","instId":"ETH-USDT"},"data":[{"asks":[["2375.57","1.33535","0","4"],["2375.58","1.935726","0","1"],["2375.59","1.68295","0","3"],["2375.6","0.658","0","1"],["2375.61","0.454","0","1"]],"bids":[["2375.56","5","0","1"],["2375.3","0.24","0","1"],["2375.2","0.825712","0","3"],["2375.17","0.00015","0","1"],["2375.11","0.24","0","1"]],"instId":"ETH-USDT","ts":"1722885223708","seqId":28039376604}]}
{"arg":{"channel":"books5","instId":"ETH-USDT"},"data":[{"asks":[["2375.57","0.50735","0","3"],["2375.59","1.618","0","2"],["2375.6","0.658","0","1"],["2375.61","0.454","0","1"],["2375.64","0.828","0","1"]],"bids":[["2375.56","5","0","1"],["2375.32","1.425","0","1"],["2375.3","0.24","0","1"],["2375.2","0.825712","0","3"],["2375.17","0.00015","0","1"]],"instId":"ETH-USDT","ts":"1722885223808","seqId":28039376704}]}
{"arg":{"channel":"books5","instId":"ETH-USDT"},"data":[{"asks":[["2375.6","0.658","0","1"],["2375.79","0.6708","0","1"],["2375.8","1.118","0","3"],["2375.87","0.00015","0","1"],["2375.97","0.021376","0","1"]],"bids":[["2375.59","1.107412","0","3"],["2375.56","5.39905","0","2"],["2375.3","0.24","0","1"],["2375.2","0.825712","0","3"],["2375.17","0.00015","0","1"]],"instId":"ETH-USDT","ts":"1722885223908","seqId":28039376815}]}
{"arg":{"channel":"books5","instId":"ETH-USDT"},"data":[{"asks":[["2375.57","1.6972","0","4"],["2375.59","1.258355","0","1"],["2375.6","2.48395","0","3"],["2375.78","0.021376","0","1"],["2375.8","1.118","0","3"]],"bids":[["2375.56","5","0","1"],["2375.3","0.24","0","1"],["2375.2","0.825712","0","3"],["2375.17","0.00015","0","1"],["2375.11","0.24","0","1"]],"instId":"ETH-USDT","ts":"1722885224008","seqId":28039376884}]}
{"arg":{"channel":"books5","instId":"ETH-USDT"},"data":[{"asks":[["2375.31","1.6972","0","4"],["2375.4","0.658","0","1"],["2375.55","4.856087","0","3"],["2375.57","3.50795","0","5"],["2375.6","1.194146","0","3"]],"bids":[["2375.3","0.24","0","1"],["2375.2","0.162912","0","1"],["2375.11","0.24","0","1"],["2375.05","0.01","0","1"],["2375","0.658","0","1"]],"instId":"ETH-USDT","ts":"1722885224108","seqId":28039377028}]}
{"arg":{"channel":"books5","instId":"ETH-USDT"},"data":[{"asks":[["2375.39","0.514806","0","1"],["2375.4","0.858","0","2"],["2375.52","1.009777","0","1"],["2375.55","1.425","0","1"],["2375.57","1.68295","0","3"]],"bids":[["2375.2","1.740844","0","4"],["2375","0.658","0","1"],["2374.98","0.05","0","1"],["2374.96","1.425","0","1"],["2374.93","0.00015","0","1"]],"instId":"ETH-USDT","ts":"1722885224208","seqId":28039377228}]}
{"arg":{"channel":"books5","instId":"ETH-USDT"},"data":[{"asks":[["2375.39","0.514806","0","1"],["2375.4","0.858","0","2"],["2375.52","1.009777","0","1"],["2375.57","1.68295","0","3"],["2375.6","1.05895","0","2"]],"bids":[["2375.38","0.884594","0","2"],["2375.37","0.828","0","1"],["2375.2","1.68105","0","3"],["2375","0.658","0","1"],["2374.98","0.05","0","1"]],"instId":"ETH-USDT","ts":"1722885224308","seqId":28039377286}]}
{"arg":{"channel":"books5","instId":"ETH-USDT"},"data":[{"asks":[["2375.04","0.454","0","1"],["2375.06","0.828","0","1"],["2375.08","0.01425","0","1"],["2375.2","0.658","0","1"],["2375.31","1.425","0","1"]],"bids":[["2375.03","1.725594","0","3"],["2375","0.658","0","1"],["2374.98","0.05","0","1"],["2374.93","0.00015","0","1"],["2374.9","0.006","0","1"]],"instId":"ETH-USDT","ts":"1722885224408","seqId":28039377473}]}
{"arg":{"channel":"books5","instId":"ETH-USDT"},"data":[{"asks":[["2375.04","0.46825","0","2"],["2375.05","0.505351","0","1"],["2375.06","0.828","0","1"],["2375.19","0.021376","0","1"],["2375.2","0.658","0","1"]],"bids":[["2375.03","0.443594","0","1"],["2375","0.658","0","1"],["2374.93","0.00015","0","1"],["2374.9","0.006","0","1"],["2374.84","0.3","0","1"]],"instId":"ETH-USDT","ts":"1722885224508","seqId":28039377644}]}
{"arg":{"channel":"books5","instId":"ETH-USDT"},"data":[{"asks":[["2375.04","0.454","0","1"],["2375.2","0.658","0","1"],["2375.3","0.855002","0","1"],["2375.31","1.425","0","1"],["2375.35","0.828","0","1"]],"bids":[["2375.03","0.897594","0","2"],["2375","0.658","0","1"],["2374.93","0.00015","0","1"],["2374.9","0.006","0","1"],["2374.83","0.0048","0","1"]],"instId":"ETH-USDT","ts":"1722885224608","seqId":28039377736}]}
{"arg":{"channel":"books5","instId":"ETH-USDT"},"data":[{"asks":[["2375.04","0.454","0","1"],["2375.2","0.658","0","1"],["2375.28","1.425","0","1"],["2375.34","0.021376","0","1"],["2375.35","0.828","0","1"]],"bids":[["2375.03","0.443594","0","1"],["2375","0.658","0","1"],["2374.98","0.5","0","1"],["2374.93","0.00015","0","1"],["2374.9","0.006","0","1"]],"instId":"ETH-USDT","ts":"1722885224708","seqId":28039377812}]}
{"arg":{"channel":"books5","instId":"ETH-USDT"},"data":[{"asks":[["2375.2","0.658","0","1"],["2375.35","0.828","0","1"],["2375.38","0.514807","0","1"],["2375.39","0.45415","0","2"],["2375.4","0.858","0","2"]],"bids":[["2375.19","1.296894","0","4"],["2375.18","0.828","0","1"],["2375.03","0.85305","0","2"],["2375","0.658","0","1"],["2374.98","0.5","0","1"]],"instId":"ETH-USDT","ts":"1722885224808","seqId":28039377913}]}
{"arg":{"channel":"books5","instId":"ETH-USDT"},"data":[{"asks":[["2375.35","1.29625","0","3"],["2375.38","0.514807","0","1"],["2375.39","0.45415","0","2"],["2375.4","0.858","0","2"],["2375.56","1.009776","0","1"]],"bids":[["2375.03","0.85305","0","2"],["2375","0.658","0","1"],["2374.98","0.5","0","1"],["2374.93","0.00015","0","1"],["2374.9","0.006","0","1"]],"instId":"ETH-USDT","ts":"1722885225008","seqId":28039378096}]}
{"arg":{"channel":"books5","instId":"ETH-USDT"},"data":[{"asks":[["2375.01","0.0391","0","1"],["2375.2","0.658","0","1"],["2375.32","1.88615","0","1"],["2375.33","1.425","0","1"],["2375.35","1.22895","0","2"]],"bids":[["2375","0.908844","0","3"],["2374.93","0.00015","0","1"],["2374.9","0.006","0","1"],["2374.87","0.168487","0","2"],["2374.8","0.664","0","2"]],"instId":"ETH-USDT","ts":"1722885225108","seqId":28039378258}]}
{"arg":{"channel":"books5","instId":"ETH-USDT"},"data":[{"asks":[["2375.4","0.2","0","1"],["2375.57","0.828","0","1"],["2375.59","1.266888","0","1"],["2375.6","0.686326","0","2"],["2375.63","1.42515","0","2"]],"bids":[["2375.38","0.897894","0","4"],["2375.37","0.454","0","1"],["2375.31","0.454","0","1"],["2375.2","0.658","0","1"],["2375.19","1.22705","0","2"]],"instId":"ETH-USDT","ts":"1722885225308","seqId":28039378472}]}
{"arg":{"channel":"books5","instId":"ETH-USDT"},"data":[{"asks":[["2375.4","0.2","0","1"],["2375.57","0.828","0","1"],["2375.59","1.266888","0","1"],["2375.6","0.686326","0","2"],["2375.63","1.42515","0","2"]],"bids":[["2375.39","1.780844","0","5"],["2375.38","0.39905","0","1"],["2375.37","0.454","0","1"],["2375.31","0.454","0","1"],["2375.2","0.793196","0","2"]],"instId":"ETH-USDT","ts":"1722885225408","seqId":28039378551}]}
{"arg":{"channel":"books5","instId":"ETH-USDT"},"data":[{"asks":[["2375.4","1.32625","0","4"],["2375.57","0.828","0","1"],["2375.59","1.266888","0","1"],["2375.6","0.686326","0","2"],["2375.63","1.42515","0","2"]],"bids":[["2375.39","0.484594","0","2"],["2375.31","0.454","0","1"],["2375.2","0.658","0","1"],["2375.19","0.828","0","1"],["2375.01","1.831473","0","1"]],"instId":"ETH-USDT","ts":"1722885225508","seqId":28039378618}]}
{"arg":{"channel":"books5","instId":"ETH-USDT"},"data":[{"asks":[["2375.21","0.828","0","1"],["2375.38","0.021376","0","1"],["2375.39","0.795755","0","1"],["2375.4","1.312","0","3"],["2375.56","0.021376","0","1"]],"bids":[["2375.2","1.285644","0","3"],["2375.19","0.828","0","1"],["2375","1.762646","0","5"],["2374.93","0.00015","0","1"],["2374.9","0.006","0","1"]],"instId":"ETH-USDT","ts":"1722885225608","seqId":28039378678}]}
{"arg":{"channel":"books5","instId":"ETH-USDT"},"data":[{"asks":[["2375.4","0.2","0","1"],["2375.45","0.5","0","1"],["2375.57","0.828","0","1"],["2375.59","0.855096","0","1"],["2375.6","0.686326","0","2"]],"bids":[["2375.37","0.903844","0","3"],["2375.33","0.828","0","1"],["2375.2","1.05705","0","2"],["2375.19","0.828","0","1"],["2375.13","1.425","0","1"]],"instId":"ETH-USDT","ts":"1722885225708","seqId":28039378746}]}
{"arg":{"channel":"books5","instId":"ETH-USDT"},"data":[{"asks":[["2375.4","0.2","0","1"],["2375.57","0.828","0","1"],["2375.6","0.686326","0","2"],["2375.63","0.00015","0","1"],["2375.7","0.006","0","1"]],"bids":[["2375.39","1.287894","0","5"],["2375.37","0.454","0","1"],["2375.33","0.828","0","1"],["2375.2","1.05705","0","2"],["2375.19","0.828","0","1"]],"instId":"ETH-USDT","ts":"1722885225808","seqId":28039378834}]}
{"arg":{"channel":"books5","instId":"ETH-USDT"},"data":[{"asks":[["2375.4","0.2","0","1"],["2375.57","0.828","0","1"],["2375.6","0.658","0","1"],["2375.79","0.69578","0","2"],["2375.8","1.112","0","2"]],"bids":[["2375.39","1.358294","0","6"],["2375.37","0.454","0","1"],["2375.33","0.828","0","1"],["2375.21","1.13103","0","1"],["2375.2","1.05705","0","2"]],"instId":"ETH-USDT","ts":"1722885225908","seqId":28039378933}]}
{"arg":{"channel":"books5","instId":"ETH-USDT"},"data":[{"asks":[["2375.4","0.858","0","2"],["2375.57","0.828","0","1"],["2375.59","1.249807","0","1"],["2375.6","0.658","0","1"],["2375.64","1.425","0","1"]],"bids":[["2375.39","1.388844","0","5"],["2375.37","0.454","0","1"],["2375.33","0.828","0","1"],["2375.21","1.13103","0","1"],["2375.2","1.05705","0","2"]],"instId":"ETH-USDT","ts":"1722885226008","seqId":28039379023}]}
{"arg":{"channel":"books5","instId":"ETH-USDT"},"data":[{"asks":[["2375.4","0.2","0","1"],["2375.6","0.658","0","1"],["2375.79","0.688585","0","2"],["2375.8","1.112","0","2"],["2375.84","0.05","0","1"]],"bids":[["2375.39","1.459244","0","6"],["2375.37","0.454","0","1"],["2375.33","0.828","0","1"],["2375.21","1.13103","0","1"],["2375.2","1.05705","0","2"]],"instId":"ETH-USDT","ts":"1722885226108","seqId":28039379117}]}
{"arg":{"channel":"books5","instId":"ETH-USDT"},"data":[{"asks":[["2375.4","0.858","0","2"],["2375.59","1.249801","0","1"],["2375.6","0.658","0","1"],["2375.64","1.425","0","1"],["2375.79","0.021376","0","1"]],"bids":[["2375.39","1.388844","0","5"],["2375.37","0.454","0","1"],["2375.21","1.13103","0","1"],["2375.2","1.05705","0","2"],["2375.19","0.828","0","1"]],"instId":"ETH-USDT","ts":"1722885226208","seqId":28039379185}]}
{"arg":{"channel":"books5","instId":"ETH-USDT"},"data":[{"asks":[["2375.4","0.858","0","2"],["2375.58","0.021376","0","1"],["2375.59","1.249801","0","1"],["2375.6","0.658","0","1"],["2375.64","1.425","0","1"]],"bids":[["2375.39","1.388844","0","5"],["2375.37","0.454","0","1"],["2375.21","1.13103","0","1"],["2375.2","1.05705","0","2"],["2375.19","0.828","0","1"]],"instId":"ETH-USDT","ts":"1722885226308","seqId":28039379232}]}
{"arg":{"channel":"books5","instId":"ETH-USDT"},"data":[{"asks":[["2375.4","0.2","0","1"],["2375.6","0.658","0","1"],["2375.68","0.5","0","1"],["2375.79","0.722179","0","2"],["2375.8","1.112","0","2"]],"bids":[["2375.39","1.459244","0","6"],["2375.37","0.454","0","1"],["2375.21","1.13103","0","1"],["2375.2","1.05705","0","2"],["2375.19","0.828","0","1"]],"instId":"ETH-USDT","ts":"1722885226408","seqId":28039379312}]}
{"arg":{"channel":"books5","instId":"ETH-USDT"},"data":[{"asks":[["2375.4","0.2","0","1"],["2375.6","0.658","0","1"],["2375.68","0.5","0","1"],["2375.79","0.722179","0","2"],["2375.8","1.112","0","2"]],"bids":[["2375.39","1.459244","0","6"],["2375.37","0.454","0","1"],["2375.2","1.05705","0","2"],["2375.19","0.828","0","1"],["2375.15","1.425","0","1"]],"instId":"ETH-USDT","ts":"1722885226508","seqId":28039379363}]}
{"arg":{"channel":"books5","instId":"ETH-USDT"},"data":[{"asks":[["2375.4","0.2","0","1"],["2375.6","0.658","0","1"],["2375.68","0.5","0","1"],["2375.79","0.722179","0","2"],["2375.8","1.112","0","2"]],"bids":[["2375.39","1.388844","0","5"],["2375.37","0.454","0","1"],["2375.2","1.05705","0","2"],["2375.19","0.828","0","1"],["2375.15","1.425","0","1"]],"instId":"ETH-USDT","ts":"1722885226608","seqId":28039379399}]}
{"arg":{"channel":"books5","instId":"ETH-USDT"},"data":[{"asks":[["2375.4","0.2","0","1"],["2375.6","0.658","0","1"],["2375.68","0.5","0","1"],["2375.79","0.722179","0","2"],["2375.8","1.112","0","2"]],"bids":[["2375.39","1.459244","0","6"],["2375.37","0.454","0","1"],["2375.2","1.05705","0","2"],["2375.19","0.828","0","1"],["2375.15","1.425","0","1"]],"instId":"ETH-USDT","ts":"1722885226708","seqId":28039379435}]}
{"arg":{"channel":"books5","instId":"ETH-USDT"},"data":[{"asks":[["2375.4","0.2","0","1"],["2375.6","0.658","0","1"],["2375.68","0.5","0","1"],["2375.79","0.722179","0","2"],["2375.8","1.112","0","2"]],"bids":[["2375.39","1.459244","0","6"],["2375.37","0.454","0","1"],["2375.26","2.103999","0","1"],["2375.2","1.05705","0","2"],["2375.19","0.828","0","1"]],"instId":"ETH-USDT","ts":"1722885226808","seqId":28039379471}]}
{"arg":{"channel":"books5","instId":"ETH-USDT"},"data":[{"asks":[["2375.6","1.486","0","2"],["2375.63","0.454","0","1"],["2375.79","0.700803","0","1"],["2375.8","1.112","0","2"],["2375.84","0.05","0","1"]],"bids":[["2375.59","1.683894","0","4"],["2375.45","2.103831","0","1"],["2375.42","0.0704","0","1"],["2375.4","0.658","0","1"],["2375.39","1.35305","0","3"]],"instId":"ETH-USDT","ts":"1722885226908","seqId":28039379624}]}
{"arg":{"channel":"books5","instId":"ETH-USDT"},"data":[{"asks":[["2375.46","0.828","0","1"],["2375.59","1.081965","0","2"],["2375.6","1.486","0","2"],["2375.63","0.454","0","1"],["2375.7","1.425","0","1"]],"bids":[["2375.45","1.322","0","3"],["2375.42","0.46825","0","2"],["2375.4","0.658","0","1"],["2375.39","0.954","0","2"],["2375.21","1.131031","0","1"]],"instId":"ETH-USDT","ts":"1722885227008","seqId":28039379733}]}
{"arg":{"channel":"books5","instId":"ETH-USDT"},"data":[{"asks":[["2375.46","0.828","0","1"],["2375.59","1.081965","0","2"],["2375.6","1.486","0","2"],["2375.63","0.454","0","1"],["2375.7","1.425","0","1"]],"bids":[["2375.45","0.494","0","2"],["2375.42","0.46825","0","2"],["2375.4","0.658","0","1"],["2375.39","0.954","0","2"],["2375.21","3.23507","0","2"]],"instId":"ETH-USDT","ts":"1722885227108","seqId":28039379780}]}
{"arg":{"channel":"books5","instId":"ETH-USDT"},"data":[{"asks":[["2375.79","0.681216","0","1"],["2375.8","1.135346","0","3"],["2375.84","0.05","0","1"],["2375.87","0.00015","0","1"],["2375.9","0.006","0","1"]],"bids":[["2375.62","1.322","0","3"],["2375.6","0.658","0","1"],["2375.59","0.446594","0","1"],["2375.58","1.302894","0","4"],["2375.55","0.828","0","1"]],"instId":"ETH-USDT","ts":"1722885227208","seqId":28039379886}]}
{"arg":{"channel":"books5","instId":"ETH-USDT"},"data":[{"asks":[["2375.79","0.681216","0","1"],["2375.8","0.681346","0","2"],["2375.84","0.05","0","1"],["2375.87","0.00015","0","1"],["2375.9","0.006","0","1"]],"bids":[["2375.62","1.29625","0","3"],["2375.6","0.658","0","1"],["2375.59","5","0","1"],["2375.58","0.454","0","1"],["2375.55","0.828","0","1"]],"instId":"ETH-USDT","ts":"1722885227308","seqId":28039379974}]}
{"arg":{"channel":"books5","instId":"ETH-USDT"},"data":[{"asks":[["2375.84","0.828","0","1"],["2375.87","0.00015","0","1"],["2376","0.658","0","1"],["2376.02","0.855001","0","1"],["2376.03","1.425","0","1"]],"bids":[["2375.83","1.744844","0","4"],["2375.8","0.658","0","1"],["2375.79","0.828","0","1"],["2375.78","1.282","0","2"],["2375.64","0.0704","0","1"]],"instId":"ETH-USDT","ts":"1722885227408","seqId":28039380280}]}
{"arg":{"channel":"books5","instId":"ETH-USDT"},"data":[{"asks":[["2375.87","0.45415","0","2"],["2376","0.689746","0","2"],["2376.02","0.855001","0","1"],["2376.03","1.425","0","1"],["2376.1","0.006","0","1"]],"bids":[["2375.86","0.89305","0","3"],["2375.83","1.6953","0","4"],["2375.8","0.658","0","1"],["2375.79","0.828","0","1"],["2375.78","0.454","0","1"]],"instId":"ETH-USDT","ts":"1722885227508","seqId":28039380374}]}
{"arg":{"channel":"books5","instId":"ETH-USDT"},"data":[{"asks":[["2375.87","0.950806","0","2"],["2375.88","0.828","0","1"],["2376","0.689746","0","2"],["2376.1","0.006","0","1"],["2376.11","0.00015","0","1"]],"bids":[["2375.86","0.899894","0","4"],["2375.83","1.68105","0","3"],["2375.8","0.658","0","1"],["2375.79","0.828","0","1"],["2375.77","0.5","0","1"]],"instId":"ETH-USDT","ts":"1722885227608","seqId":28039380469}]}
{"arg":{"channel":"books5","instId":"ETH-USDT"},"data":[{"asks":[["2375.87","0.454","0","1"],["2375.88","0.828","0","1"],["2376","0.689746","0","2"],["2376.1","0.006","0","1"],["2376.11","0.00015","0","1"]],"bids":[["2375.86","0.899894","0","4"],["2375.83","1.68105","0","3"],["2375.8","0.658","0","1"],["2375.79","0.828","0","1"],["2375.77","0.5","0","1"]],"instId":"ETH-USDT","ts":"1722885227708","seqId":28039380515}]}
