{"event":"subscribe","arg":{"channel":"books5","instId":"LTC-USDT"},"connId":"551b4d5a"}
{"arg":{"channel":"books5","instId":"LTC-USDT"},"data":[{"asks":[["55.46","9","0","2"],["55.47","28.403216","0","5"],["55.48","61.67399","0","6"],["55.49","108.052128","0","9"],["55.5","87.232524","0","10"]],"bids":[["55.45","25.38712","0","3"],["55.44","43.489211","0","6"],["55.43","67.516962","0","10"],["55.42","94.43481","0","11"],["55.41","61.474368","0","8"]],"instId":"LTC-USDT","ts":"1722886102200","seqId":7298654453}]}
{"arg":{"channel":"books5","instId":"LTC-USDT"},"data":[{"asks":[["55.46","9","0","2"],["55.47","20.153216","0","4"],["55.48","61.67399","0","6"],["55.49","104.207331","0","8"],["55.5","87.232524","0","10"]],"bids":[["55.45","25.38712","0","3"],["55.44","43.489211","0","6"],["55.43","67.516962","0","10"],["55.42","94.43481","0","11"],["55.41","61.474368","0","8"]],"instId":"LTC-USDT","ts":"1722886102300","seqId":7298654457}]}
{"arg":{"channel":"books5","instId":"LTC-USDT"},"data":[{"asks":[["55.46","9","0","2"],["55.47","20.153216","0","4"],["55.48","61.67399","0","6"],["55.49","104.207331","0","8"],["55.5","91.076511","0","11"]],"bids":[["55.45","25.38712","0","3"],["55.44","46.416512","0","7"],["55.43","64.589661","0","9"],["55.42","90.58543","0","10"],["55.41","61.474368","0","8"]],"instId":"LTC-USDT","ts":"1722886102400","seqId":7298654475}]}
{"arg":{"channel":"books5","instId":"LTC-USDT"},"data":[{"asks":[["55.46","9","0","2"],["55.47","30.153216","0","5"],["55.48","61.67399","0","6"],["55.49","108.051554","0","9"],["55.5","87.232524","0","10"]],"bids":[["55.45","25.38712","0","3"],["55.44","43.489211","0","6"],["55.43","67.516962","0","10"],["55.42","94.434744","0","11"],["55.41","61.474368","0","8"]],"instId":"LTC-USDT","ts":"1722886102500","seqId":7298654485}]}
{"arg":{"channel":"books5","instId":"LTC-USDT"},"data":[{"asks":[["55.46","9","0","2"],["55.47","1.072959","0","1"],["55.48","45.723549","0","4"],["55.49","75.042085","0","8"],["55.5","58.067779","0","9"]],"bids":[["55.45","41.886591","0","6"],["55.44","37.400734","0","6"],["55.43","64.589661","0","9"],["55.42","127.57376","0","12"],["55.41","55.741556","0","7"]],"instId":"LTC-USDT","ts":"1722886102700","seqId":7298654514}]}
{"arg":{"channel":"books5","instId":"LTC-USDT"},"data":[{"asks":[["55.46","9","0","2"],["55.47","31.444926","0","5"],["55.48","46.732979","0","4"],["55.49","84.050776","0","9"],["55.5","78.224781","0","9"]],"bids":[["55.44","16.5","0","2"],["55.43","44.985574","0","6"],["55.42","84.551376","0","12"],["55.41","55.741556","0","7"],["55.4","56.757968","0","6"]],"instId":"LTC-USDT","ts":"1722886102800","seqId":7298654559}]}
{"arg":{"channel":"books5","instId":"LTC-USDT"},"data":[{"asks":[["55.45","8.25","0","1"],["55.46","59.201772","0","6"],["55.47","38.790355","0","6"],["55.48","46.732979","0","4"],["55.49","84.645645","0","9"]],"bids":[["55.43","19.826914","0","3"],["55.42","76.68198","0","11"],["55.41","85.899163","0","9"],["55.4","56.757968","0","6"],["55.39","60.517707","0","13"]],"instId":"LTC-USDT","ts":"1722886102900","seqId":7298654594}]}
{"arg":{"channel":"books5","instId":"LTC-USDT"},"data":[{"asks":[["55.46","36.595664","0","6"],["55.47","31.549785","0","5"],["55.48","46.732979","0","4"],["55.49","88.489757","0","10"],["55.5","78.224781","0","9"]],"bids":[["55.44","8.25","0","1"],["55.43","32.274443","0","5"],["55.42","93.336754","0","13"],["55.41","85.899163","0","9"],["55.4","56.757968","0","6"]],"instId":"LTC-USDT","ts":"1722886103000","seqId":7298654617}]}
{"arg":{"channel":"books5","instId":"LTC-USDT"},"data":[{"asks":[["55.45","1.072959","0","1"],["55.46","70.285894","0","9"],["55.47","38.508158","0","6"],["55.48","52.544529","0","5"],["55.49","73.669516","0","8"]],"bids":[["55.43","37.683032","0","5"],["55.42","58.287038","0","10"],["55.41","88.809651","0","9"],["55.4","56.783562","0","7"],["55.39","60.517707","0","13"]],"instId":"LTC-USDT","ts":"1722886103100","seqId":7298654640}]}
{"arg":{"channel":"books5","instId":"LTC-USDT"},"data":[{"asks":[["55.45","37.321844","0","6"],["55.46","77.082336","0","10"],["55.47","38.508158","0","6"],["55.48","124.50628","0","9"],["55.49","69.825404","0","7"]],"bids":[["55.43","9.016457","0","1"],["55.42","48.287038","0","9"],["55.41","91.249484","0","10"],["55.4","56.783562","0","7"],["55.39","60.517707","0","13"]],"instId":"LTC-USDT","ts":"1722886103200","seqId":7298654711}]}
{"arg":{"channel":"books5","instId":"LTC-USDT"},"data":[{"asks":[["55.44","10","0","1"],["55.45","81.499188","0","7"],["55.46","35.86426","0","8"],["55.47","47.520081","0","7"],["55.48","91.538204","0","8"]],"bids":[["55.42","28.172418","0","5"],["55.41","44.304935","0","6"],["55.4","64.885269","0","8"],["55.39","69.233788","0","16"],["55.38","108.322585","0","9"]],"instId":"LTC-USDT","ts":"1722886103300","seqId":7298654762}]}
{"arg":{"channel":"books5","instId":"LTC-USDT"},"data":[{"asks":[["55.44","10","0","1"],["55.45","34.813529","0","5"],["55.46","61.591766","0","8"],["55.47","47.520081","0","7"],["55.48","91.538204","0","8"]],"bids":[["55.42","28.152418","0","5"],["55.41","44.304935","0","6"],["55.4","64.885269","0","8"],["55.39","69.233788","0","16"],["55.38","108.322585","0","9"]],"instId":"LTC-USDT","ts":"1722886103400","seqId":7298654773}]}
{"arg":{"channel":"books5","instId":"LTC-USDT"},"data":[{"asks":[["55.45","23.130836","0","4"],["55.46","45.86426","0","9"],["55.47","47.520081","0","7"],["55.48","91.538204","0","8"],["55.49","28.521508","0","6"]],"bids":[["55.43","16.5","0","2"],["55.42","47.025477","0","7"],["55.41","46.340257","0","7"],["55.4","65.808358","0","8"],["55.39","69.233788","0","16"]],"instId":"LTC-USDT","ts":"1722886103500","seqId":7298654809}]}
{"arg":{"channel":"books5","instId":"LTC-USDT"},"data":[{"asks":[["55.45","43.130836","0","4"],["55.46","56.969644","0","10"],["55.47","47.520081","0","7"],["55.48","91.538204","0","8"],["55.49","28.521508","0","6"]],"bids":[["55.43","16.5","0","2"],["55.42","54.41336","0","9"],["55.41","47.263132","0","7"],["55.4","61.957968","0","7"],["55.39","69.233788","0","16"]],"instId":"LTC-USDT","ts":"1722886103600","seqId":7298654821}]}
{"arg":{"channel":"books5","instId":"LTC-USDT"},"data":[{"asks":[["55.45","51.380836","0","5"],["55.46","89.93772","0","11"],["55.47","47.520081","0","7"],["55.48","91.538204","0","8"],["55.49","28.521508","0","6"]],"bids":[["55.42","42.613","0","7"],["55.41","46.340257","0","7"],["55.4","65.808332","0","8"],["55.39","69.233788","0","16"],["55.38","108.322585","0","9"]],"instId":"LTC-USDT","ts":"1722886103700","seqId":7298654833}]}
{"arg":{"channel":"books5","instId":"LTC-USDT"},"data":[{"asks":[["55.45","34.928055","0","3"],["55.46","56.969644","0","10"],["55.47","47.520081","0","7"],["55.48","91.538204","0","8"],["55.49","28.521508","0","6"]],"bids":[["55.43","24.031779","0","4"],["55.42","56.928835","0","8"],["55.41","79.41486","0","8"],["55.4","77.826729","0","10"],["55.39","66.276118","0","15"]],"instId":"LTC-USDT","ts":"1722886103800","seqId":7298654858}]}
{"arg":{"channel":"books5","instId":"LTC-USDT"},"data":[{"asks":[["55.45","31.072959","0","2"],["55.46","56.969644","0","10"],["55.47","47.520081","0","7"],["55.48","91.538204","0","8"],["55.49","28.521508","0","6"]],"bids":[["55.43","35.164486","0","4"],["55.42","59.856136","0","9"],["55.41","76.487559","0","7"],["55.4","77.826729","0","10"],["55.39","109.031377","0","16"]],"instId":"LTC-USDT","ts":"1722886103900","seqId":7298654867}]}
{"arg":{"channel":"books5","instId":"LTC-USDT"},"data":[{"asks":[["55.45","1.072959","0","1"],["55.46","45.86426","0","9"],["55.47","47.520081","0","7"],["55.48","124.50628","0","9"],["55.49","61.489584","0","7"]],"bids":[["55.43","26.043813","0","4"],["55.42","68.87448","0","10"],["55.41","76.487559","0","7"],["55.4","77.826729","0","10"],["55.39","66.276118","0","15"]],"instId":"LTC-USDT","ts":"1722886104000","seqId":7298654877}]}
{"arg":{"channel":"books5","instId":"LTC-USDT"},"data":[{"asks":[["55.45","1.072959","0","1"],["55.46","12.69023","0","4"],["55.47","45.748728","0","7"],["55.48","91.538204","0","8"],["55.49","37.531125","0","7"]],"bids":[["55.43","32.364785","0","5"],["55.42","39.616549","0","7"],["55.41","76.487559","0","7"],["55.4","77.852323","0","11"],["55.39","66.250519","0","14"]],"instId":"LTC-USDT","ts":"1722886104100","seqId":7298654914}]}
{"arg":{"channel":"books5","instId":"LTC-USDT"},"data":[{"asks":[["55.45","1.072959","0","1"],["55.46","20.94023","0","5"],["55.47","48.828834","0","8"],["55.48","91.538204","0","8"],["55.49","33.092033","0","6"]],"bids":[["55.43","29.437484","0","4"],["55.42","51.955238","0","9"],["55.41","86.07038","0","9"],["55.4","123.641245","0","11"],["55.39","60.517707","0","13"]],"instId":"LTC-USDT","ts":"1722886104200","seqId":7298654940}]}
{"arg":{"channel":"books5","instId":"LTC-USDT"},"data":[{"asks":[["55.45","1.072959","0","1"],["55.46","41.921483","0","7"],["55.47","41.588264","0","7"],["55.48","62.373459","0","7"],["55.49","33.092033","0","6"]],"bids":[["55.43","25.863243","0","4"],["55.42","84.047284","0","11"],["55.41","86.07038","0","9"],["55.4","123.615651","0","10"],["55.39","60.517707","0","13"]],"instId":"LTC-USDT","ts":"1722886104300","seqId":7298654971}]}
{"arg":{"channel":"books5","instId":"LTC-USDT"},"data":[{"asks":[["55.45","29.670883","0","5"],["55.46","77.774429","0","8"],["55.47","74.142136","0","8"],["55.48","85.554187","0","7"],["55.49","56.636288","0","6"]],"bids":[["55.43","9.017082","0","1"],["55.42","16.48","0","2"],["55.41","44.073064","0","9"],["55.4","123.615651","0","10"],["55.39","60.517707","0","13"]],"instId":"LTC-USDT","ts":"1722886104400","seqId":7298655012}]}
{"arg":{"channel":"books5","instId":"LTC-USDT"},"data":[{"asks":[["55.44","21.54095","0","3"],["55.45","103.182762","0","8"],["55.46","61.533859","0","5"],["55.47","83.154201","0","9"],["55.48","71.709274","0","5"]],"bids":[["55.42","16.48","0","2"],["55.41","72.245746","0","7"],["55.4","126.722952","0","12"],["55.39","60.517707","0","13"],["55.38","65.567326","0","8"]],"instId":"LTC-USDT","ts":"1722886104500","seqId":7298655056}]}
{"arg":{"channel":"books5","instId":"LTC-USDT"},"data":[{"asks":[["55.44","48.578259","0","6"],["55.45","73.197762","0","8"],["55.46","61.533859","0","5"],["55.47","83.169201","0","10"],["55.48","71.709274","0","5"]],"bids":[["55.42","8.25","0","1"],["55.41","60.353854","0","7"],["55.4","123.724127","0","11"],["55.39","63.475377","0","14"],["55.38","82.303952","0","9"]],"instId":"LTC-USDT","ts":"1722886104600","seqId":7298655091}]}
{"arg":{"channel":"books5","instId":"LTC-USDT"},"data":[{"asks":[["55.44","15.396042","0","3"],["55.45","73.197762","0","8"],["55.46","61.533859","0","5"],["55.47","87.01473","0","11"],["55.48","71.709274","0","5"]],"bids":[["55.42","16.5","0","2"],["55.41","56.518545","0","7"],["55.4","127.574475","0","12"],["55.39","67.411848","0","15"],["55.38","82.303952","0","9"]],"instId":"LTC-USDT","ts":"1722886104700","seqId":7298655108}]}
{"arg":{"channel":"books5","instId":"LTC-USDT"},"data":[{"asks":[["55.44","23.646042","0","4"],["55.45","73.197762","0","8"],["55.46","61.533859","0","5"],["55.47","87.01473","0","11"],["55.48","71.709274","0","5"]],"bids":[["55.42","16.5","0","2"],["55.41","56.518545","0","7"],["55.4","127.574475","0","12"],["55.39","67.411848","0","15"],["55.38","82.303952","0","9"]],"instId":"LTC-USDT","ts":"1722886104800","seqId":7298655117}]}
{"arg":{"channel":"books5","instId":"LTC-USDT"},"data":[{"asks":[["55.43","27.572959","0","4"],["55.44","97.342884","0","9"],["55.45","44.839243","0","8"],["55.46","78.32137","0","8"],["55.47","74.157136","0","9"]],"bids":[["55.41","11.95887","0","2"],["55.4","90.348716","0","8"],["55.39","58.032817","0","15"],["55.38","60.662834","0","8"],["55.37","98.732957","0","4"]],"instId":"LTC-USDT","ts":"1722886104900","seqId":7298655217}]}
{"arg":{"channel":"books5","instId":"LTC-USDT"},"data":[{"asks":[["55.43","17.572959","0","3"],["55.44","84.137888","0","8"],["55.45","39.839243","0","7"],["55.46","78.32137","0","8"],["55.47","74.157136","0","9"]],"bids":[["55.41","28.559098","0","4"],["55.4","90.348716","0","8"],["55.39","67.084181","0","17"],["55.38","60.662834","0","8"],["55.37","98.732957","0","4"]],"instId":"LTC-USDT","ts":"1722886105000","seqId":7298655241}]}
{"arg":{"channel":"books5","instId":"LTC-USDT"},"data":[{"asks":[["55.43","1.072959","0","1"],["55.44","84.137888","0","8"],["55.45","39.839243","0","7"],["55.46","82.98686","0","9"],["55.47","78.003215","0","10"]],"bids":[["55.41","20.20887","0","3"],["55.4","90.348716","0","8"],["55.39","67.084181","0","17"],["55.38","51.643262","0","7"],["55.37","98.732957","0","4"]],"instId":"LTC-USDT","ts":"1722886105100","seqId":7298655251}]}
{"arg":{"channel":"books5","instId":"LTC-USDT"},"data":[{"asks":[["55.43","17.572959","0","3"],["55.44","84.137888","0","8"],["55.45","39.839243","0","7"],["55.46","82.98686","0","9"],["55.47","78.003215","0","10"]],"bids":[["55.41","29.568829","0","4"],["55.4","90.348716","0","8"],["55.39","67.084181","0","17"],["55.38","51.643262","0","7"],["55.37","98.732957","0","4"]],"instId":"LTC-USDT","ts":"1722886105200","seqId":7298655256}]}
{"arg":{"channel":"books5","instId":"LTC-USDT"},"data":[{"asks":[["55.43","1.072959","0","1"],["55.44","71.538704","0","7"],["55.45","39.839243","0","7"],["55.46","82.98686","0","9"],["55.47","78.003215","0","10"]],"bids":[["55.41","29.568829","0","4"],["55.4","90.168716","0","7"],["55.39","67.264181","0","18"],["55.38","51.643262","0","7"],["55.37","98.732957","0","4"]],"instId":"LTC-USDT","ts":"1722886105300","seqId":7298655273}]}
{"arg":{"channel":"books5","instId":"LTC-USDT"},"data":[{"asks":[["55.43","1.072959","0","1"],["55.44","78.298134","0","8"],["55.45","52.079813","0","9"],["55.46","86.832981","0","10"],["55.47","74.157136","0","9"]],"bids":[["55.41","55.887471","0","6"],["55.4","93.276017","0","9"],["55.39","64.15688","0","16"],["55.38","69.687288","0","9"],["55.37","98.732957","0","4"]],"instId":"LTC-USDT","ts":"1722886105500","seqId":7298655302}]}
{"arg":{"channel":"books5","instId":"LTC-USDT"},"data":[{"asks":[["55.43","25.428054","0","5"],["55.44","86.538704","0","9"],["55.45","39.839243","0","7"],["55.46","82.98686","0","9"],["55.47","74.157136","0","9"]],"bids":[["55.4","77.629618","0","6"],["55.39","97.477143","0","17"],["55.38","88.706555","0","12"],["55.37","107.75497","0","5"],["55.36","265.822548","0","14"]],"instId":"LTC-USDT","ts":"1722886105600","seqId":7298655400}]}
{"arg":{"channel":"books5","instId":"LTC-USDT"},"data":[{"asks":[["55.43","5.072959","0","2"],["55.44","76.538704","0","8"],["55.45","39.839243","0","7"],["55.46","86.833104","0","10"],["55.47","74.157136","0","9"]],"bids":[["55.41","50.58955","0","5"],["55.4","97.707231","0","9"],["55.39","97.507512","0","17"],["55.38","97.729382","0","13"],["55.37","107.75497","0","5"]],"instId":"LTC-USDT","ts":"1722886105700","seqId":7298655426}]}
{"arg":{"channel":"books5","instId":"LTC-USDT"},"data":[{"asks":[["55.43","5.072959","0","2"],["55.44","57.786309","0","5"],["55.45","47.079813","0","8"],["55.46","86.833104","0","10"],["55.47","74.157136","0","9"]],"bids":[["55.41","50.58955","0","5"],["55.4","97.707231","0","9"],["55.39","97.507512","0","17"],["55.38","94.771712","0","12"],["55.37","107.75497","0","5"]],"instId":"LTC-USDT","ts":"1722886105800","seqId":7298655442}]}
{"arg":{"channel":"books5","instId":"LTC-USDT"},"data":[{"asks":[["55.43","5.072959","0","2"],["55.44","69.738087","0","7"],["55.45","47.079813","0","8"],["55.46","47.133914","0","8"],["55.47","41.603264","0","8"]],"bids":[["55.41","16.5","0","2"],["55.4","100.474702","0","10"],["55.39","93.571041","0","16"],["55.38","139.489528","0","13"],["55.37","107.75497","0","5"]],"instId":"LTC-USDT","ts":"1722886105900","seqId":7298655467}]}
{"arg":{"channel":"books5","instId":"LTC-USDT"},"data":[{"asks":[["55.43","4","0","1"],["55.44","5","0","1"],["55.45","20.639644","0","5"],["55.46","43.398523","0","7"],["55.47","41.603264","0","8"]],"bids":[["55.42","70.940276","0","7"],["55.41","50.115914","0","6"],["55.4","89.477401","0","9"],["55.39","93.391041","0","15"],["55.38","94.771712","0","12"]],"instId":"LTC-USDT","ts":"1722886106000","seqId":7298655514}]}
{"arg":{"channel":"books5","instId":"LTC-USDT"},"data":[{"asks":[["55.43","4","0","1"],["55.44","5","0","1"],["55.45","21.445608","0","3"],["55.46","43.398523","0","7"],["55.47","45.449306","0","9"]],"bids":[["55.42","60.940276","0","6"],["55.41","50.115914","0","6"],["55.4","89.477401","0","9"],["55.39","93.391041","0","15"],["55.38","94.771712","0","12"]],"instId":"LTC-USDT","ts":"1722886106100","seqId":7298655529}]}
{"arg":{"channel":"books5","instId":"LTC-USDT"},"data":[{"asks":[["55.43","4","0","1"],["55.44","13.25","0","2"],["55.45","38.839619","0","6"],["55.46","31.492463","0","5"],["55.47","44.331519","0","9"]],"bids":[["55.42","9.498825","0","2"],["55.41","47.188613","0","5"],["55.4","92.404702","0","10"],["55.39","89.539737","0","14"],["55.38","140.787499","0","13"]],"instId":"LTC-USDT","ts":"1722886106200","seqId":7298655560}]}
{"arg":{"channel":"books5","instId":"LTC-USDT"},"data":[{"asks":[["55.43","12.25","0","2"],["55.44","13.25","0","2"],["55.45","33.669111","0","6"],["55.46","31.492463","0","5"],["55.47","44.331519","0","9"]],"bids":[["55.41","47.173613","0","4"],["55.4","92.224702","0","9"],["55.39","93.570708","0","16"],["55.38","140.787499","0","13"],["55.37","20.298464","0","4"]],"instId":"LTC-USDT","ts":"1722886106300","seqId":7298655585}]}
{"arg":{"channel":"books5","instId":"LTC-USDT"},"data":[{"asks":[["55.43","4","0","1"],["55.44","13.25","0","2"],["55.45","33.669111","0","6"],["55.46","31.492463","0","5"],["55.47","44.331519","0","9"]],"bids":[["55.41","47.173613","0","4"],["55.4","89.457231","0","8"],["55.39","94.500797","0","16"],["55.38","94.771712","0","12"],["55.37","66.314251","0","5"]],"instId":"LTC-USDT","ts":"1722886106400","seqId":7298655596}]}
{"arg":{"channel":"books5","instId":"LTC-USDT"},"data":[{"asks":[["55.44","9","0","2"],["55.45","43.669111","0","7"],["55.46","31.492463","0","5"],["55.47","44.331519","0","9"],["55.48","65.897724","0","4"]],"bids":[["55.42","17.904656","0","2"],["55.41","57.173613","0","5"],["55.4","90.476722","0","9"],["55.39","94.320797","0","15"],["55.38","94.771712","0","12"]],"instId":"LTC-USDT","ts":"1722886106500","seqId":7298655629}]}
{"arg":{"channel":"books5","instId":"LTC-USDT"},"data":[{"asks":[["55.44","9","0","2"],["55.45","45.75777","0","6"],["55.46","71.60647","0","7"],["55.47","44.331519","0","9"],["55.48","65.897724","0","4"]],"bids":[["55.42","44.404656","0","5"],["55.41","48.938613","0","5"],["55.4","90.476723","0","9"],["55.39","94.320797","0","15"],["55.38","94.771712","0","12"]],"instId":"LTC-USDT","ts":"1722886106600","seqId":7298655658}]}
{"arg":{"channel":"books5","instId":"LTC-USDT"},"data":[{"asks":[["55.44","9","0","2"],["55.45","9.337959","0","3"],["55.46","50.807883","0","7"],["55.47","82.370731","0","10"],["55.48","65.897724","0","4"]],"bids":[["55.43","16.5","0","2"],["55.42","65.010296","0","8"],["55.41","78.536898","0","9"],["55.4","83.518479","0","6"],["55.39","94.320797","0","15"]],"instId":"LTC-USDT","ts":"1722886106700","seqId":7298655727}]}
{"arg":{"channel":"books5","instId":"LTC-USDT"},"data":[{"asks":[["55.44","9","0","2"],["55.45","1.087959","0","2"],["55.46","43.567313","0","6"],["55.47","56.737864","0","10"],["55.48","69.743082","0","5"]],"bids":[["55.43","32.631375","0","5"],["55.42","67.952597","0","10"],["55.41","75.609597","0","8"],["55.4","87.368769","0","7"],["55.39","137.378914","0","15"]],"instId":"LTC-USDT","ts":"1722886106800","seqId":7298655747}]}
{"arg":{"channel":"books5","instId":"LTC-USDT"},"data":[{"asks":[["55.46","3.69023","0","2"],["55.47","36.177729","0","7"],["55.48","53.630457","0","6"],["55.49","39.082416","0","5"],["55.5","72.740872","0","7"]],"bids":[["55.44","37.893362","0","5"],["55.43","52.855446","0","5"],["55.42","80.029296","0","10"],["55.41","81.162409","0","8"],["55.4","83.518479","0","6"]],"instId":"LTC-USDT","ts":"1722886106900","seqId":7298655825}]}
{"arg":{"channel":"books5","instId":"LTC-USDT"},"data":[{"asks":[["55.46","54.19023","0","6"],["55.47","40.379931","0","7"],["55.48","49.785099","0","5"],["55.49","46.872554","0","7"],["55.5","105.915574","0","8"]],"bids":[["55.44","8.88712","0","1"],["55.43","55.782747","0","6"],["55.42","80.062445","0","10"],["55.41","85.011973","0","9"],["55.4","83.518479","0","6"]],"instId":"LTC-USDT","ts":"1722886107000","seqId":7298655861}]}
{"arg":{"channel":"books5","instId":"LTC-USDT"},"data":[{"asks":[["55.46","4","0","1"],["55.47","21.593529","0","6"],["55.48","42.544529","0","4"],["55.49","42.926786","0","6"],["55.5","105.915574","0","8"]],"bids":[["55.44","40.980822","0","6"],["55.43","78.171505","0","7"],["55.42","80.044296","0","11"],["55.41","81.162409","0","8"],["55.4","83.518479","0","6"]],"instId":"LTC-USDT","ts":"1722886107100","seqId":7298655896}]}
{"arg":{"channel":"books5","instId":"LTC-USDT"},"data":[{"asks":[["55.46","4","0","1"],["55.47","40.96936","0","4"],["55.48","49.785099","0","5"],["55.49","48.092268","0","6"],["55.5","76.58483","0","8"]],"bids":[["55.44","49.980929","0","6"],["55.43","46.452234","0","7"],["55.42","82.824746","0","11"],["55.41","81.162409","0","8"],["55.4","83.518479","0","6"]],"instId":"LTC-USDT","ts":"1722886107200","seqId":7298655935}]}
{"arg":{"channel":"books5","instId":"LTC-USDT"},"data":[{"asks":[["55.46","4","0","1"],["55.47","40.98436","0","5"],["55.48","49.785099","0","5"],["55.49","23.092268","0","5"],["55.5","43.576127","0","6"]],"bids":[["55.44","39.980929","0","5"],["55.43","46.239085","0","6"],["55.42","83.926523","0","12"],["55.41","81.162409","0","8"],["55.4","83.518479","0","6"]],"instId":"LTC-USDT","ts":"1722886107300","seqId":7298655965}]}
{"arg":{"channel":"books5","instId":"LTC-USDT"},"data":[{"asks":[["55.46","4","0","1"],["55.47","40.98436","0","5"],["55.48","21.31712","0","4"],["55.49","26.936343","0","6"],["55.5","72.740872","0","7"]],"bids":[["55.45","8.25","0","1"],["55.44","42.90823","0","6"],["55.43","73.5307","0","8"],["55.42","83.746523","0","11"],["55.41","81.162409","0","8"]],"instId":"LTC-USDT","ts":"1722886107400","seqId":7298655988}]}
{"arg":{"channel":"books5","instId":"LTC-USDT"},"data":[{"asks":[["55.46","43.526339","0","6"],["55.47","82.348921","0","8"],["55.48","14.07655","0","3"],["55.49","26.936343","0","6"],["55.5","72.740872","0","7"]],"bids":[["55.44","9.015107","0","1"],["55.43","44.657368","0","6"],["55.42","69.876962","0","11"],["55.41","81.162409","0","8"],["55.4","83.518479","0","6"]],"instId":"LTC-USDT","ts":"1722886107500","seqId":7298656031}]}
{"arg":{"channel":"books5","instId":"LTC-USDT"},"data":[{"asks":[["55.46","43.526339","0","6"],["55.47","59.704241","0","8"],["55.48","23.087085","0","4"],["55.49","17.926491","0","5"],["55.5","72.740872","0","7"]],"bids":[["55.43","58.982998","0","6"],["55.42","87.452039","0","12"],["55.41","81.162409","0","8"],["55.4","66.383167","0","5"],["55.39","42.478563","0","11"]],"instId":"LTC-USDT","ts":"1722886107600","seqId":7298656053}]}
{"arg":{"channel":"books5","instId":"LTC-USDT"},"data":[{"asks":[["55.46","43.526339","0","6"],["55.47","59.704241","0","8"],["55.48","73.851031","0","6"],["55.49","17.926491","0","5"],["55.5","72.740872","0","7"]],"bids":[["55.44","8.25","0","1"],["55.43","58.982998","0","6"],["55.42","86.563411","0","12"],["55.41","81.162409","0","8"],["55.4","66.383167","0","5"]],"instId":"LTC-USDT","ts":"1722886107700","seqId":7298656064}]}
{"arg":{"channel":"books5","instId":"LTC-USDT"},"data":[{"asks":[["55.46","43.526339","0","6"],["55.47","90.368089","0","9"],["55.48","73.851031","0","6"],["55.49","17.926491","0","5"],["55.5","72.740872","0","7"]],"bids":[["55.44","8.25","0","1"],["55.43","50.726961","0","6"],["55.42","86.563411","0","12"],["55.41","82.054329","0","8"],["55.4","66.383167","0","5"]],"instId":"LTC-USDT","ts":"1722886107800","seqId":7298656082}]}
{"arg":{"channel":"books5","instId":"LTC-USDT"},"data":[{"asks":[["55.46","33.526339","0","5"],["55.47","90.368089","0","9"],["55.48","73.851031","0","6"],["55.49","21.132124","0","6"],["55.5","105.650395","0","8"]],"bids":[["55.44","16.5","0","2"],["55.43","62.991927","0","7"],["55.42","86.563411","0","12"],["55.41","82.054329","0","8"],["55.4","66.383167","0","5"]],"instId":"LTC-USDT","ts":"1722886107900","seqId":7298656091}]}
{"arg":{"channel":"books5","instId":"LTC-USDT"},"data":[{"asks":[["55.46","7.855096","0","2"],["55.47","90.368089","0","9"],["55.48","73.851031","0","6"],["55.49","21.132124","0","6"],["55.5","105.650395","0","8"]],"bids":[["55.44","20.355097","0","3"],["55.43","65.919228","0","8"],["55.42","129.650142","0","12"],["55.41","82.054329","0","8"],["55.4","66.383167","0","5"]],"instId":"LTC-USDT","ts":"1722886108000","seqId":7298656101}]}
{"arg":{"channel":"books5","instId":"LTC-USDT"},"data":[{"asks":[["55.46","4","0","1"],["55.47","52.463671","0","7"],["55.48","47.916899","0","6"],["55.49","21.132124","0","6"],["55.5","72.740872","0","7"]],"bids":[["55.44","29.023675","0","4"],["55.43","65.919228","0","8"],["55.42","129.650142","0","12"],["55.41","78.204739","0","7"],["55.4","66.383167","0","5"]],"instId":"LTC-USDT","ts":"1722886108100","seqId":7298656121}]}
{"arg":{"channel":"books5","instId":"LTC-USDT"},"data":[{"asks":[["55.46","4","0","1"],["55.47","6.072959","0","2"],["55.48","38.906364","0","5"],["55.49","21.132124","0","6"],["55.5","81.74903","0","8"]],"bids":[["55.44","41.410929","0","6"],["55.43","90.397432","0","8"],["55.42","83.63611","0","11"],["55.41","78.204739","0","7"],["55.4","81.690346","0","6"]],"instId":"LTC-USDT","ts":"1722886108200","seqId":7298656142}]}
{"arg":{"channel":"books5","instId":"LTC-USDT"},"data":[{"asks":[["55.46","4","0","1"],["55.47","6.072959","0","2"],["55.48","31.665794","0","4"],["55.49","28.372694","0","7"],["55.5","52.584285","0","7"]],"bids":[["55.45","43.024655","0","6"],["55.44","43.293872","0","7"],["55.43","82.375581","0","9"],["55.42","83.45611","0","10"],["55.41","78.204739","0","7"]],"instId":"LTC-USDT","ts":"1722886108300","seqId":7298656221}]}
{"arg":{"channel":"books5","instId":"LTC-USDT"},"data":[{"asks":[["55.46","4","0","1"],["55.47","6.072959","0","2"],["55.48","31.665794","0","4"],["55.49","21.322986","0","5"],["55.5","71.966044","0","8"]],"bids":[["55.45","48.809342","0","7"],["55.44","43.293872","0","7"],["55.43","86.223991","0","10"],["55.42","83.45611","0","10"],["55.41","78.204739","0","7"]],"instId":"LTC-USDT","ts":"1722886108400","seqId":7298656240}]}
{"arg":{"channel":"books5","instId":"LTC-USDT"},"data":[{"asks":[["55.46","4","0","1"],["55.47","6.072959","0","2"],["55.48","30.578026","0","4"],["55.49","56.991939","0","6"],["55.5","79.206614","0","9"]],"bids":[["55.45","56.668893","0","8"],["55.44","76.748381","0","7"],["55.43","86.476922","0","9"],["55.42","54.291365","0","9"],["55.41","78.204739","0","7"]],"instId":"LTC-USDT","ts":"1722886108500","seqId":7298656270}]}
{"arg":{"channel":"books5","instId":"LTC-USDT"},"data":[{"asks":[["55.47","6.072959","0","2"],["55.48","30.578026","0","4"],["55.49","31.322986","0","6"],["55.5","71.966044","0","8"],["55.51","57.785212","0","7"]],"bids":[["55.46","27.13712","0","3"],["55.45","56.668893","0","8"],["55.44","43.728747","0","5"],["55.43","40.46289","0","8"],["55.42","100.305397","0","10"]],"instId":"LTC-USDT","ts":"1722886108600","seqId":7298656286}]}
{"arg":{"channel":"books5","instId":"LTC-USDT"},"data":[{"asks":[["55.47","5","0","1"],["55.48","43.390237","0","5"],["55.49","31.322986","0","6"],["55.5","68.122448","0","7"],["55.51","62.729083","0","8"]],"bids":[["55.46","8.88712","0","1"],["55.45","50.819106","0","8"],["55.44","40.981446","0","5"],["55.43","46.015702","0","8"],["55.42","82.697171","0","9"]],"instId":"LTC-USDT","ts":"1722886108700","seqId":7298656341}]}
{"arg":{"channel":"books5","instId":"LTC-USDT"},"data":[{"asks":[["55.47","5","0","1"],["55.48","43.390237","0","5"],["55.49","31.322986","0","6"],["55.5","71.966002","0","8"],["55.51","62.729083","0","8"]],"bids":[["55.46","17.13712","0","2"],["55.45","47.891805","0","7"],["55.44","75.303232","0","7"],["55.43","46.015702","0","8"],["55.42","79.736721","0","8"]],"instId":"LTC-USDT","ts":"1722886108800","seqId":7298656353}]}
{"arg":{"channel":"books5","instId":"LTC-USDT"},"data":[{"asks":[["55.47","5","0","1"],["55.48","43.390237","0","5"],["55.49","31.322986","0","6"],["55.5","71.966002","0","8"],["55.51","62.729083","0","8"]],"bids":[["55.46","8.88712","0","1"],["55.45","47.891805","0","7"],["55.44","75.303232","0","7"],["55.43","46.015702","0","8"],["55.42","33.722689","0","7"]],"instId":"LTC-USDT","ts":"1722886108900","seqId":7298656358}]}
{"arg":{"channel":"books5","instId":"LTC-USDT"},"data":[{"asks":[["55.47","32.15247","0","6"],["55.48","50.630807","0","6"],["55.49","24.082416","0","5"],["55.5","71.966002","0","8"],["55.51","62.729083","0","8"]],"bids":[["55.45","16.5","0","2"],["55.44","54.680263","0","7"],["55.43","46.195702","0","9"],["55.42","33.722689","0","7"],["55.41","72.471927","0","6"]],"instId":"LTC-USDT","ts":"1722886109000","seqId":7298656390}]}
{"arg":{"channel":"books5","instId":"LTC-USDT"},"data":[{"asks":[["55.47","20.694161","0","4"],["55.48","50.630807","0","6"],["55.49","24.082416","0","5"],["55.5","71.966002","0","8"],["55.51","62.729083","0","8"]],"bids":[["55.45","16.5","0","2"],["55.44","47.58384","0","6"],["55.43","46.195702","0","9"],["55.42","33.722689","0","7"],["55.41","72.471927","0","6"]],"instId":"LTC-USDT","ts":"1722886109100","seqId":7298656404}]}
{"arg":{"channel":"books5","instId":"LTC-USDT"},"data":[{"asks":[["55.47","13.59697","0","3"],["55.48","83.41538","0","7"],["55.49","29.082416","0","6"],["55.5","71.966002","0","8"],["55.51","62.729083","0","8"]],"bids":[["55.45","20.355095","0","3"],["55.44","59.97818","0","8"],["55.43","46.195702","0","9"],["55.42","33.722689","0","7"],["55.41","72.471927","0","6"]],"instId":"LTC-USDT","ts":"1722886109200","seqId":7298656418}]}
{"arg":{"channel":"books5","instId":"LTC-USDT"},"data":[{"asks":[["55.46","1.072959","0","1"],["55.47","105.079446","0","8"],["55.48","81.17481","0","7"],["55.49","81.115563","0","7"],["55.5","70.742417","0","7"]],"bids":[["55.44","65.285879","0","7"],["55.43","46.162553","0","9"],["55.42","36.679509","0","8"],["55.41","133.207808","0","7"],["55.4","124.015974","0","7"]],"instId":"LTC-USDT","ts":"1722886109300","seqId":7298656467}]}
{"arg":{"channel":"books5","instId":"LTC-USDT"},"data":[{"asks":[["55.46","1.072959","0","1"],["55.47","82.627993","0","6"],["55.48","55.630807","0","7"],["55.49","33.091132","0","6"],["55.5","37.957844","0","6"]],"bids":[["55.45","16.5","0","2"],["55.44","82.864729","0","9"],["55.43","50.967139","0","10"],["55.42","36.679509","0","8"],["55.41","117.940334","0","7"]],"instId":"LTC-USDT","ts":"1722886109400","seqId":7298656493}]}
{"arg":{"channel":"books5","instId":"LTC-USDT"},"data":[{"asks":[["55.46","17.572959","0","3"],["55.47","52.771309","0","3"],["55.48","50.630807","0","6"],["55.49","33.091132","0","6"],["55.5","37.957844","0","6"]],"bids":[["55.44","54.62916","0","5"],["55.43","50.75762","0","9"],["55.42","36.859509","0","9"],["55.41","117.940334","0","7"],["55.4","78.001942","0","6"]],"instId":"LTC-USDT","ts":"1722886109500","seqId":7298656521}]}
{"arg":{"channel":"books5","instId":"LTC-USDT"},"data":[{"asks":[["55.47","4","0","1"],["55.48","48.390237","0","6"],["55.49","24.082416","0","5"],["55.5","79.749412","0","8"],["55.51","47.266726","0","8"]],"bids":[["55.45","59.241144","0","7"],["55.44","78.655021","0","7"],["55.43","53.89444","0","11"],["55.42","36.679509","0","8"],["55.41","117.940334","0","7"]],"instId":"LTC-USDT","ts":"1722886109600","seqId":7298656559}]}
{"arg":{"channel":"books5","instId":"LTC-USDT"},"data":[{"asks":[["55.47","4","0","1"],["55.48","36.368705","0","6"],["55.49","31.322986","0","6"],["55.5","79.749412","0","8"],["55.51","47.266726","0","8"]],"bids":[["55.45","52.087515","0","7"],["55.44","81.597322","0","9"],["55.43","56.134235","0","10"],["55.42","36.679509","0","8"],["55.41","117.940334","0","7"]],"instId":"LTC-USDT","ts":"1722886109700","seqId":7298656576}]}
{"arg":{"channel":"books5","instId":"LTC-USDT"},"data":[{"asks":[["55.47","4","0","1"],["55.48","36.368705","0","6"],["55.49","31.322986","0","6"],["55.5","43.121285","0","6"],["55.51","47.266726","0","8"]],"bids":[["55.45","64.539604","0","8"],["55.44","81.597322","0","9"],["55.43","56.134235","0","10"],["55.42","82.147916","0","9"],["55.41","72.471927","0","6"]],"instId":"LTC-USDT","ts":"1722886109800","seqId":7298656584}]}
{"arg":{"channel":"books5","instId":"LTC-USDT"},"data":[{"asks":[["55.47","4","0","1"],["55.48","69.153278","0","7"],["55.49","31.322986","0","6"],["55.5","43.121285","0","6"],["55.51","47.266726","0","8"]],"bids":[["55.45","64.539604","0","8"],["55.44","81.597322","0","9"],["55.43","59.982538","0","11"],["55.42","79.191096","0","8"],["55.41","72.471927","0","6"]],"instId":"LTC-USDT","ts":"1722886109900","seqId":7298656592}]}
{"arg":{"channel":"books5","instId":"LTC-USDT"},"data":[{"asks":[["55.47","4","0","1"],["55.48","69.153278","0","7"],["55.49","31.322986","0","6"],["55.5","79.749199","0","8"],["55.51","47.266726","0","8"]],"bids":[["55.45","64.539604","0","8"],["55.44","81.597322","0","9"],["55.43","59.982538","0","11"],["55.42","79.191096","0","8"],["55.41","72.471927","0","6"]],"instId":"LTC-USDT","ts":"1722886110000","seqId":7298656595}]}
{"arg":{"channel":"books5","instId":"LTC-USDT"},"data":[{"asks":[["55.47","4","0","1"],["55.48","52.690909","0","7"],["55.49","24.082416","0","5"],["55.5","46.964626","0","7"],["55.51","47.266726","0","8"]],"bids":[["55.45","32.415879","0","4"],["55.44","51.963747","0","5"],["55.43","78.243675","0","12"],["55.42","79.191096","0","8"],["55.41","72.471927","0","6"]],"instId":"LTC-USDT","ts":"1722886110100","seqId":7298656618}]}
{"arg":{"channel":"books5","instId":"LTC-USDT"},"data":[{"asks":[["55.48","47.18291","0","6"],["55.49","97.992154","0","9"],["55.5","46.964626","0","7"],["55.51","47.266726","0","8"],["55.52","135.682938","0","7"]],"bids":[["55.45","41.093608","0","6"],["55.44","93.787093","0","10"],["55.43","59.802538","0","10"],["55.42","33.722689","0","7"],["55.41","72.471927","0","6"]],"instId":"LTC-USDT","ts":"1722886110200","seqId":7298656649}]}
{"arg":{"channel":"books5","instId":"LTC-USDT"},"data":[{"asks":[["55.47","64.041348","0","6"],["55.48","98.944789","0","9"],["55.49","90.751584","0","8"],["55.5","46.964614","0","7"],["55.51","47.266726","0","8"]],"bids":[["55.45","24.165879","0","3"],["55.44","61.439103","0","8"],["55.43","59.982538","0","11"],["55.42","40.467805","0","8"],["55.41","72.471927","0","6"]],"instId":"LTC-USDT","ts":"1722886110300","seqId":7298656683}]}
{"arg":{"channel":"books5","instId":"LTC-USDT"},"data":[{"asks":[["55.47","60.186256","0","5"],["55.48","98.944789","0","9"],["55.49","90.751584","0","8"],["55.5","50.794331","0","8"],["55.51","47.266726","0","8"]],"bids":[["55.45","32.016478","0","5"],["55.44","71.642338","0","9"],["55.43","59.982538","0","11"],["55.42","40.467805","0","8"],["55.41","72.471927","0","6"]],"instId":"LTC-USDT","ts":"1722886110400","seqId":7298656697}]}
{"arg":{"channel":"books5","instId":"LTC-USDT"},"data":[{"asks":[["55.47","3.686256","0","1"],["55.48","91.704219","0","8"],["55.49","97.992154","0","9"],["55.5","50.794331","0","8"],["55.51","47.266726","0","8"]],"bids":[["55.45","38.524726","0","6"],["55.44","66.831962","0","9"],["55.43","56.134235","0","10"],["55.42","40.467805","0","8"],["55.41","72.471927","0","6"]],"instId":"LTC-USDT","ts":"1722886110500","seqId":7298656710}]}
{"arg":{"channel":"books5","instId":"LTC-USDT"},"data":[{"asks":[["55.47","3.686256","0","1"],["55.48","82.890007","0","8"],["55.49","64.355893","0","8"],["55.5","50.794331","0","8"],["55.51","47.266726","0","8"]],"bids":[["55.45","38.524726","0","6"],["55.44","89.433672","0","10"],["55.43","56.134235","0","10"],["55.42","44.316632","0","9"],["55.41","72.471927","0","6"]],"instId":"LTC-USDT","ts":"1722886110600","seqId":7298656724}]}
{"arg":{"channel":"books5","instId":"LTC-USDT"},"data":[{"asks":[["55.47","20.186256","0","3"],["55.48","102.069797","0","9"],["55.49","57.115323","0","7"],["55.5","50.794331","0","8"],["55.51","47.266726","0","8"]],"bids":[["55.45","9.014729","0","1"],["55.44","69.406459","0","9"],["55.43","42.80982","0","8"],["55.42","44.316632","0","9"],["55.41","72.471927","0","6"]],"instId":"LTC-USDT","ts":"1722886110700","seqId":7298656751}]}
{"arg":{"channel":"books5","instId":"LTC-USDT"},"data":[{"asks":[["55.46","16.5","0","2"],["55.47","91.270627","0","6"],["55.48","93.819797","0","8"],["55.49","38.09116","0","7"],["55.5","37.944007","0","6"]],"bids":[["55.45","4.521178","0","1"],["55.44","58.725052","0","4"],["55.43","49.585637","0","10"],["55.42","40.467805","0","8"],["55.41","72.471927","0","6"]],"instId":"LTC-USDT","ts":"1722886110800","seqId":7298656802}]}
{"arg":{"channel":"books5","instId":"LTC-USDT"},"data":[{"asks":[["55.47","35.329782","0","5"],["55.48","82.94148","0","8"],["55.49","38.09116","0","7"],["55.5","37.944007","0","6"],["55.51","141.867232","0","9"]],"bids":[["55.45","16.5","0","2"],["55.44","77.973654","0","7"],["55.43","46.658336","0","9"],["55.42","40.467805","0","8"],["55.41","72.471927","0","6"]],"instId":"LTC-USDT","ts":"1722886110900","seqId":7298656822}]}
{"arg":{"channel":"books5","instId":"LTC-USDT"},"data":[{"asks":[["55.47","48.829782","0","4"],["55.48","75.70091","0","7"],["55.49","36.322986","0","7"],["55.5","34.11429","0","5"],["55.51","141.867232","0","9"]],"bids":[["55.45","16.5","0","2"],["55.44","73.972416","0","7"],["55.43","46.658336","0","9"],["55.42","40.467805","0","8"],["55.41","72.471927","0","6"]],"instId":"LTC-USDT","ts":"1722886111000","seqId":7298656839}]}
{"arg":{"channel":"books5","instId":"LTC-USDT"},"data":[{"asks":[["55.47","3.701256","0","2"],["55.48","75.70091","0","7"],["55.49","36.322986","0","7"],["55.5","34.11429","0","5"],["55.51","141.867232","0","9"]],"bids":[["55.45","24.388257","0","4"],["55.44","85.032855","0","8"],["55.43","55.673842","0","10"],["55.42","40.467805","0","8"],["55.41","72.471927","0","6"]],"instId":"LTC-USDT","ts":"1722886111100","seqId":7298656851}]}
{"arg":{"channel":"books5","instId":"LTC-USDT"},"data":[{"asks":[["55.48","54.347859","0","5"],["55.49","44.604364","0","7"],["55.5","41.35486","0","6"],["55.51","141.867232","0","9"],["55.52","135.682938","0","7"]],"bids":[["55.46","16.5","0","2"],["55.45","57.310279","0","7"],["55.44","74.050554","0","8"],["55.43","55.493842","0","9"],["55.42","40.467805","0","8"]],"instId":"LTC-USDT","ts":"1722886111200","seqId":7298656886}]}
{"arg":{"channel":"books5","instId":"LTC-USDT"},"data":[{"asks":[["55.48","89.582813","0","7"],["55.49","55.506634","0","8"],["55.5","50.361744","0","7"],["55.51","212.772113","0","10"],["55.52","135.682938","0","7"]],"bids":[["55.46","16.5","0","2"],["55.45","67.580615","0","7"],["55.44","74.050554","0","8"],["55.43","55.493842","0","9"],["55.42","40.467805","0","8"]],"instId":"LTC-USDT","ts":"1722886111300","seqId":7298656911}]}
{"arg":{"channel":"books5","instId":"LTC-USDT"},"data":[{"asks":[["55.48","98.88331","0","8"],["55.49","62.747204","0","9"],["55.5","85.100464","0","8"],["55.51","212.772113","0","10"],["55.52","140.15944","0","8"]],"bids":[["55.46","8.25","0","1"],["55.45","76.018737","0","9"],["55.44","77.898449","0","9"],["55.43","51.645326","0","8"],["55.42","51.886097","0","9"]],"instId":"LTC-USDT","ts":"1722886111400","seqId":7298656930}]}
{"arg":{"channel":"books5","instId":"LTC-USDT"},"data":[{"asks":[["55.48","4.015","0","2"],["55.49","36.052398","0","6"],["55.5","42.657844","0","6"],["55.51","118.171607","0","9"],["55.52","260.607032","0","9"]],"bids":[["55.46","36.057498","0","4"],["55.45","67.005271","0","8"],["55.44","77.898449","0","9"],["55.43","51.645326","0","8"],["55.42","40.467805","0","8"]],"instId":"LTC-USDT","ts":"1722886111500","seqId":7298656967}]}
{"arg":{"channel":"books5","instId":"LTC-USDT"},"data":[{"asks":[["55.48","4","0","1"],["55.49","36.052398","0","6"],["55.5","42.657844","0","6"],["55.51","118.171607","0","9"],["55.52","260.607032","0","9"]],"bids":[["55.46","36.057498","0","4"],["55.45","70.478151","0","9"],["55.44","123.996076","0","10"],["55.43","51.645326","0","8"],["55.42","40.467805","0","8"]],"instId":"LTC-USDT","ts":"1722886111600","seqId":7298656974}]}
{"arg":{"channel":"books5","instId":"LTC-USDT"},"data":[{"asks":[["55.48","20.5","0","3"],["55.49","41.052398","0","7"],["55.5","42.657844","0","6"],["55.51","111.08949","0","7"],["55.52","265.47211","0","11"]],"bids":[["55.46","30.543384","0","4"],["55.45","70.493151","0","10"],["55.44","77.898449","0","9"],["55.43","97.742953","0","9"],["55.42","40.467805","0","8"]],"instId":"LTC-USDT","ts":"1722886111700","seqId":7298656990}]}
{"arg":{"channel":"books5","instId":"LTC-USDT"},"data":[{"asks":[["55.48","20.5","0","3"],["55.49","51.233092","0","8"],["55.5","42.657844","0","6"],["55.51","114.932293","0","8"],["55.52","261.629451","0","10"]],"bids":[["55.46","36.903117","0","5"],["55.45","70.493151","0","10"],["55.44","77.898343","0","9"],["55.43","51.645326","0","8"],["55.42","40.467805","0","8"]],"instId":"LTC-USDT","ts":"1722886111800","seqId":7298657000}]}
{"arg":{"channel":"books5","instId":"LTC-USDT"},"data":[{"asks":[["55.48","20.5","0","3"],["55.49","51.233092","0","8"],["55.5","42.657844","0","6"],["55.51","123.937555","0","9"],["55.52","261.629451","0","10"]],"bids":[["55.46","39.555226","0","5"],["55.45","70.493151","0","10"],["55.44","120.148181","0","9"],["55.43","51.645326","0","8"],["55.42","40.467805","0","8"]],"instId":"LTC-USDT","ts":"1722886111900","seqId":7298657011}]}
{"arg":{"channel":"books5","instId":"LTC-USDT"},"data":[{"asks":[["55.48","32.182239","0","5"],["55.49","51.233092","0","8"],["55.5","42.657844","0","6"],["55.51","117.914653","0","7"],["55.52","261.629451","0","10"]],"bids":[["55.46","25.511842","0","3"],["55.45","60.493151","0","9"],["55.44","74.050554","0","8"],["55.43","55.493564","0","9"],["55.42","40.467805","0","8"]],"instId":"LTC-USDT","ts":"1722886112000","seqId":7298657026}]}
{"arg":{"channel":"books5","instId":"LTC-USDT"},"data":[{"asks":[["55.47","8.25","0","1"],["55.48","60.248624","0","8"],["55.49","48.292968","0","8"],["55.5","35.417274","0","5"],["55.51","108.909391","0","6"]],"bids":[["55.46","9.011842","0","1"],["55.45","31.90486","0","7"],["55.44","75.999142","0","9"],["55.43","51.645326","0","8"],["55.42","40.467805","0","8"]],"instId":"LTC-USDT","ts":"1722886112100","seqId":7298657066}]}
{"arg":{"channel":"books5","instId":"LTC-USDT"},"data":[{"asks":[["55.48","43.673826","0","6"],["55.49","54.846515","0","9"],["55.5","39.756125","0","6"],["55.51","108.909391","0","6"],["55.52","266.136391","0","11"]],"bids":[["55.46","9.011842","0","1"],["55.45","27.215711","0","5"],["55.44","63.7772","0","8"],["55.43","51.645326","0","8"],["55.42","85.868608","0","9"]],"instId":"LTC-USDT","ts":"1722886112200","seqId":7298657082}]}
{"arg":{"channel":"books5","instId":"LTC-USDT"},"data":[{"asks":[["55.47","8.25","0","1"],["55.48","43.673826","0","6"],["55.49","93.918726","0","10"],["55.5","44.598642","0","7"],["55.51","105.066588","0","5"]],"bids":[["55.46","9.011842","0","1"],["55.45","27.215711","0","5"],["55.44","63.7772","0","8"],["55.43","55.493564","0","9"],["55.42","85.868608","0","9"]],"instId":"LTC-USDT","ts":"1722886112300","seqId":7298657089}]}
{"arg":{"channel":"books5","instId":"LTC-USDT"},"data":[{"asks":[["55.47","8.25","0","1"],["55.48","53.673826","0","7"],["55.49","93.918726","0","10"],["55.5","44.598642","0","7"],["55.51","108.909952","0","6"]],"bids":[["55.46","9.011842","0","1"],["55.45","37.215711","0","6"],["55.44","79.835984","0","9"],["55.43","55.493564","0","9"],["55.42","40.467805","0","8"]],"instId":"LTC-USDT","ts":"1722886112400","seqId":7298657100}]}
{"arg":{"channel":"books5","instId":"LTC-USDT"},"data":[{"asks":[["55.47","16.5","0","2"],["55.48","53.673826","0","7"],["55.49","93.918726","0","10"],["55.5","48.442208","0","8"],["55.51","105.066588","0","5"]],"bids":[["55.46","9.011842","0","1"],["55.45","18.965711","0","4"],["55.44","79.835984","0","9"],["55.43","55.493564","0","9"],["55.42","40.467805","0","8"]],"instId":"LTC-USDT","ts":"1722886112500","seqId":7298657110}]}
{"arg":{"channel":"books5","instId":"LTC-USDT"},"data":[{"asks":[["55.48","4","0","1"],["55.49","35.635963","0","7"],["55.5","53.60543","0","8"],["55.51","108.909888","0","6"],["55.52","229.968651","0","10"]],"bids":[["55.46","48.14816","0","5"],["55.45","56.88017","0","8"],["55.44","73.212655","0","8"],["55.43","60.691594","0","10"],["55.42","49.484124","0","9"]],"instId":"LTC-USDT","ts":"1722886112600","seqId":7298657211}]}
{"arg":{"channel":"books5","instId":"LTC-USDT"},"data":[{"asks":[["55.48","4","0","1"],["55.49","42.961521","0","6"],["55.5","60.846","0","9"],["55.51","108.909888","0","6"],["55.52","229.968651","0","10"]],"bids":[["55.46","48.14816","0","5"],["55.45","48.64517","0","8"],["55.44","73.212655","0","8"],["55.43","56.843356","0","9"],["55.42","94.884927","0","10"]],"instId":"LTC-USDT","ts":"1722886112700","seqId":7298657242}]}
{"arg":{"channel":"books5","instId":"LTC-USDT"},"data":[{"asks":[["55.48","4","0","1"],["55.49","18.265","0","3"],["55.5","62.138576","0","10"],["55.51","75.976429","0","6"],["55.52","229.968651","0","10"]],"bids":[["55.47","8.25","0","1"],["55.46","54.329107","0","7"],["55.45","57.875408","0","7"],["55.44","77.060679","0","9"],["55.43","56.843356","0","9"]],"instId":"LTC-USDT","ts":"1722886112800","seqId":7298657276}]}
{"arg":{"channel":"books5","instId":"LTC-USDT"},"data":[{"asks":[["55.48","4","0","1"],["55.49","18.845034","0","3"],["55.5","54.898006","0","9"],["55.51","83.216999","0","7"],["55.52","238.97319","0","11"]],"bids":[["55.47","17.261476","0","2"],["55.46","57.732053","0","9"],["55.45","61.010258","0","9"],["55.44","76.880679","0","8"],["55.43","53.888506","0","8"]],"instId":"LTC-USDT","ts":"1722886112900","seqId":7298657309}]}
{"arg":{"channel":"books5","instId":"LTC-USDT"},"data":[{"asks":[["55.48","4","0","1"],["55.49","18.845034","0","3"],["55.5","54.898006","0","9"],["55.51","83.216999","0","7"],["55.52","157.90719","0","10"]],"bids":[["55.47","17.261476","0","2"],["55.46","57.732053","0","9"],["55.45","61.010258","0","9"],["55.44","76.880679","0","8"],["55.43","53.888506","0","8"]],"instId":"LTC-USDT","ts":"1722886113000","seqId":7298657316}]}
{"arg":{"channel":"books5","instId":"LTC-USDT"},"data":[{"asks":[["55.48","4","0","1"],["55.49","18.845034","0","3"],["55.5","62.138576","0","10"],["55.51","75.976429","0","6"],["55.52","157.90719","0","10"]],"bids":[["55.47","17.261476","0","2"],["55.46","48.781071","0","8"],["55.45","61.010258","0","9"],["55.44","76.880679","0","8"],["55.43","53.888506","0","8"]],"instId":"LTC-USDT","ts":"1722886113100","seqId":7298657321}]}
{"arg":{"channel":"books5","instId":"LTC-USDT"},"data":[{"asks":[["55.48","4","0","1"],["55.49","18.845034","0","3"],["55.5","62.138576","0","10"],["55.51","75.976429","0","6"],["55.52","157.90719","0","10"]],"bids":[["55.47","17.261476","0","2"],["55.46","46.714758","0","9"],["55.45","61.010258","0","9"],["55.44","76.880679","0","8"],["55.43","53.888506","0","8"]],"instId":"LTC-USDT","ts":"1722886113200","seqId":7298657336}]}
{"arg":{"channel":"books5","instId":"LTC-USDT"},"data":[{"asks":[["55.48","20.5","0","3"],["55.49","40.71912","0","5"],["55.5","62.138576","0","10"],["55.51","75.976429","0","6"],["55.52","164.241475","0","11"]],"bids":[["55.47","9.011476","0","1"],["55.46","43.787457","0","8"],["55.45","63.937559","0","10"],["55.44","76.880679","0","8"],["55.43","53.888506","0","8"]],"instId":"LTC-USDT","ts":"1722886113300","seqId":7298657349}]}
{"arg":{"channel":"books5","instId":"LTC-USDT"},"data":[{"asks":[["55.48","4","0","1"],["55.49","35.71912","0","4"],["55.5","62.138576","0","10"],["55.51","75.976429","0","6"],["55.52","164.241475","0","11"]],"bids":[["55.47","17.261476","0","2"],["55.46","43.787457","0","8"],["55.45","63.937559","0","10"],["55.44","76.880679","0","8"],["55.43","53.888506","0","8"]],"instId":"LTC-USDT","ts":"1722886113400","seqId":7298657354}]}
{"arg":{"channel":"books5","instId":"LTC-USDT"},"data":[{"asks":[["55.48","4","0","1"],["55.49","35.71912","0","4"],["55.5","62.138576","0","10"],["55.51","75.976429","0","6"],["55.52","164.241475","0","11"]],"bids":[["55.47","8.811476","0","1"],["55.46","46.714758","0","9"],["55.45","61.010258","0","9"],["55.44","76.880679","0","8"],["55.43","53.888506","0","8"]],"instId":"LTC-USDT","ts":"1722886113500","seqId":7298657367}]}
{"arg":{"channel":"books5","instId":"LTC-USDT"},"data":[{"asks":[["55.48","4","0","1"],["55.49","10.595034","0","2"],["55.5","54.898006","0","9"],["55.51","83.216999","0","7"],["55.52","204.93586","0","12"]],"bids":[["55.47","25.311476","0","3"],["55.46","46.714758","0","9"],["55.45","61.010258","0","9"],["55.44","76.880679","0","8"],["55.43","99.859736","0","9"]],"instId":"LTC-USDT","ts":"1722886113600","seqId":7298657386}]}
{"arg":{"channel":"books5","instId":"LTC-USDT"},"data":[{"asks":[["55.5","51.020286","0","6"],["55.51","71.798375","0","6"],["55.52","110.647983","0","10"],["55.53","104.610636","0","6"],["55.54","168.173585","0","8"]],"bids":[["55.47","55.571704","0","8"],["55.46","71.835004","0","10"],["55.45","66.56307","0","9"],["55.44","73.032655","0","7"],["55.43","94.126924","0","8"]],"instId":"LTC-USDT","ts":"1722886113700","seqId":7298657475}]}
{"arg":{"channel":"books5","instId":"LTC-USDT"},"data":[{"asks":[["55.49","30.5","0","4"],["55.5","92.291595","0","8"],["55.51","71.798375","0","6"],["55.52","120.303941","0","11"],["55.53","100.768775","0","5"]],"bids":[["55.47","40.432063","0","6"],["55.46","74.762305","0","11"],["55.45","70.410512","0","10"],["55.44","73.032655","0","7"],["55.43","94.126924","0","8"]],"instId":"LTC-USDT","ts":"1722886113800","seqId":7298657494}]}
{"arg":{"channel":"books5","instId":"LTC-USDT"},"data":[{"asks":[["55.49","4","0","1"],["55.5","79.004851","0","8"],["55.51","32.726164","0","5"],["55.52","79.609556","0","10"],["55.53","100.768775","0","5"]],"bids":[["55.47","40.432063","0","6"],["55.46","45.59756","0","10"],["55.45","70.410512","0","10"],["55.44","73.032655","0","7"],["55.43","94.126924","0","8"]],"instId":"LTC-USDT","ts":"1722886113900","seqId":7298657509}]}
{"arg":{"channel":"books5","instId":"LTC-USDT"},"data":[{"asks":[["55.49","4","0","1"],["55.5","79.004851","0","8"],["55.51","32.726164","0","5"],["55.52","83.451545","0","11"],["55.53","100.768775","0","5"]],"bids":[["55.48","8.24","0","1"],["55.47","61.693429","0","8"],["55.46","45.624319","0","10"],["55.45","66.56307","0","9"],["55.44","73.032655","0","7"]],"instId":"LTC-USDT","ts":"1722886114000","seqId":7298657531}]}
{"arg":{"channel":"books5","instId":"LTC-USDT"},"data":[{"asks":[["55.49","20.5","0","3"],["55.5","79.004851","0","8"],["55.51","32.726164","0","5"],["55.52","83.451545","0","11"],["55.53","100.768775","0","5"]],"bids":[["55.47","43.293736","0","6"],["55.46","45.41756","0","9"],["55.45","66.74307","0","10"],["55.44","73.032655","0","7"],["55.43","48.155694","0","7"]],"instId":"LTC-USDT","ts":"1722886114100","seqId":7298657547}]}
{"arg":{"channel":"books5","instId":"LTC-USDT"},"data":[{"asks":[["55.48","16.5","0","2"],["55.49","59.834336","0","6"],["55.5","68.046246","0","7"],["55.51","25.485594","0","4"],["55.52","79.609556","0","10"]],"bids":[["55.47","11.87442","0","2"],["55.46","13.387946","0","2"],["55.45","45.08699","0","8"],["55.44","76.880085","0","8"],["55.43","48.155694","0","7"]],"instId":"LTC-USDT","ts":"1722886114200","seqId":7298657586}]}
{"arg":{"channel":"books5","instId":"LTC-USDT"},"data":[{"asks":[["55.48","8.25","0","1"],["55.49","67.089906","0","8"],["55.5","103.136978","0","7"],["55.51","98.419188","0","7"],["55.52","116.778854","0","11"]],"bids":[["55.46","25.512861","0","3"],["55.45","34.622183","0","7"],["55.44","52.598598","0","5"],["55.43","64.20228","0","8"],["55.42","56.42106","0","9"]],"instId":"LTC-USDT","ts":"1722886114300","seqId":7298657639}]}
{"arg":{"channel":"books5","instId":"LTC-USDT"},"data":[{"asks":[["55.48","3.855095","0","1"],["55.49","67.089906","0","8"],["55.5","103.136978","0","7"],["55.51","98.419188","0","7"],["55.52","116.778854","0","11"]],"bids":[["55.46","25.512861","0","3"],["55.45","55.033212","0","9"],["55.44","52.778598","0","6"],["55.43","67.15634","0","9"],["55.42","56.42106","0","9"]],"instId":"LTC-USDT","ts":"1722886114400","seqId":7298657655}]}
{"arg":{"channel":"books5","instId":"LTC-USDT"},"data":[{"asks":[["55.48","26.23195","0","4"],["55.49","96.120645","0","8"],["55.5","68.197302","0","7"],["55.51","98.419188","0","7"],["55.52","116.778854","0","11"]],"bids":[["55.46","9.012861","0","1"],["55.45","55.033212","0","9"],["55.44","52.778598","0","6"],["55.43","67.15634","0","9"],["55.42","56.42106","0","9"]],"instId":"LTC-USDT","ts":"1722886114500","seqId":7298657680}]}
{"arg":{"channel":"books5","instId":"LTC-USDT"},"data":[{"asks":[["55.48","12.105099","0","2"],["55.49","103.361215","0","9"],["55.5","24.534367","0","5"],["55.51","98.419188","0","7"],["55.52","74.447552","0","10"]],"bids":[["55.46","35.339339","0","5"],["55.45","52.105911","0","8"],["55.44","55.705899","0","7"],["55.43","67.15634","0","9"],["55.42","56.42106","0","9"]],"instId":"LTC-USDT","ts":"1722886114600","seqId":7298657700}]}
{"arg":{"channel":"books5","instId":"LTC-USDT"},"data":[{"asks":[["55.49","56.786309","0","5"],["55.5","48.970703","0","7"],["55.51","98.419188","0","7"],["55.52","74.447552","0","10"],["55.53","69.029197","0","5"]],"bids":[["55.47","26.5","0","3"],["55.46","61.35645","0","6"],["55.45","74.614293","0","11"],["55.44","52.598598","0","5"],["55.43","113.127611","0","10"]],"instId":"LTC-USDT","ts":"1722886114700","seqId":7298657736}]}
{"arg":{"channel":"books5","instId":"LTC-USDT"},"data":[{"asks":[["55.49","4","0","1"],["55.5","28.154413","0","6"],["55.51","36.641283","0","6"],["55.52","74.447552","0","10"],["55.53","78.032497","0","6"]],"bids":[["55.47","35.510178","0","4"],["55.46","52.343589","0","5"],["55.45","76.822747","0","12"],["55.44","52.598598","0","5"],["55.43","113.127611","0","10"]],"instId":"LTC-USDT","ts":"1722886114800","seqId":7298657769}]}
{"arg":{"channel":"books5","instId":"LTC-USDT"},"data":[{"asks":[["55.49","20.5","0","3"],["55.5","70.868587","0","7"],["55.51","32.726164","0","5"],["55.52","74.447552","0","10"],["55.53","69.029197","0","5"]],"bids":[["55.47","9.010178","0","1"],["55.46","29.268779","0","6"],["55.45","77.742655","0","12"],["55.44","52.598598","0","5"],["55.43","110.173551","0","9"]],"instId":"LTC-USDT","ts":"1722886114900","seqId":7298657783}]}
{"arg":{"channel":"books5","instId":"LTC-USDT"},"data":[{"asks":[["55.48","16.5","0","2"],["55.49","34.182952","0","5"],["55.5","78.109157","0","8"],["55.51","25.485594","0","4"],["55.52","79.281145","0","11"]],"bids":[["55.47","9.010178","0","1"],["55.46","20.370091","0","4"],["55.45","80.669956","0","13"],["55.44","52.598598","0","5"],["55.43","64.20228","0","8"]],"instId":"LTC-USDT","ts":"1722886115000","seqId":7298657828}]}
{"arg":{"channel":"books5","instId":"LTC-USDT"},"data":[{"asks":[["55.48","16.5","0","2"],["55.49","34.182952","0","5"],["55.5","78.109157","0","8"],["55.51","72.042525","0","6"],["55.52","75.43861","0","10"]],"bids":[["55.47","9.010178","0","1"],["55.46","31.75342","0","5"],["55.45","76.822747","0","12"],["55.44","56.446198","0","6"],["55.43","64.20228","0","8"]],"instId":"LTC-USDT","ts":"1722886115100","seqId":7298657839}]}
{"arg":{"channel":"books5","instId":"LTC-USDT"},"data":[{"asks":[["55.48","16.5","0","2"],["55.49","48.988035","0","6"],["55.5","35.394983","0","7"],["55.51","29.328351","0","5"],["55.52","75.43861","0","10"]],"bids":[["55.47","9.010178","0","1"],["55.46","31.75342","0","5"],["55.45","76.822747","0","12"],["55.44","56.446198","0","6"],["55.43","107.73278","0","9"]],"instId":"LTC-USDT","ts":"1722886115200","seqId":7298657848}]}
{"arg":{"channel":"books5","instId":"LTC-USDT"},"data":[{"asks":[["55.49","34.197952","0","6"],["55.5","35.394983","0","7"],["55.51","25.485594","0","4"],["55.52","75.43861","0","10"],["55.53","82.636891","0","6"]],"bids":[["55.47","25.510178","0","3"],["55.46","43.791829","0","7"],["55.45","73.895446","0","11"],["55.44","56.446198","0","6"],["55.43","107.73278","0","9"]],"instId":"LTC-USDT","ts":"1722886115300","seqId":7298657865}]}
{"arg":{"channel":"books5","instId":"LTC-USDT"},"data":[{"asks":[["55.49","34.197952","0","6"],["55.5","45.394983","0","8"],["55.51","94.995668","0","6"],["55.52","75.43861","0","10"],["55.53","82.636891","0","6"]],"bids":[["55.47","25.510178","0","3"],["55.46","53.791829","0","8"],["55.45","73.895446","0","11"],["55.44","56.446198","0","6"],["55.43","107.73278","0","9"]],"instId":"LTC-USDT","ts":"1722886115400","seqId":7298657873}]}
{"arg":{"channel":"books5","instId":"LTC-USDT"},"data":[{"asks":[["55.49","34.197952","0","6"],["55.5","88.109157","0","9"],["55.51","99.858673","0","7"],["55.52","118.152784","0","11"],["55.53","82.636891","0","6"]],"bids":[["55.47","25.510178","0","3"],["55.46","53.791829","0","8"],["55.45","75.857765","0","12"],["55.44","56.446198","0","6"],["55.43","107.73278","0","9"]],"instId":"LTC-USDT","ts":"1722886115500","seqId":7298657879}]}
{"arg":{"channel":"books5","instId":"LTC-USDT"},"data":[{"asks":[["55.49","4","0","1"],["55.5","46.310724","0","8"],["55.51","37.589169","0","6"],["55.52","79.280886","0","11"],["55.53","78.032545","0","6"]],"bids":[["55.47","40.967576","0","6"],["55.46","60.422718","0","8"],["55.45","75.677765","0","11"],["55.44","98.630563","0","7"],["55.43","117.110717","0","10"]],"instId":"LTC-USDT","ts":"1722886115600","seqId":7298657947}]}
{"arg":{"channel":"books5","instId":"LTC-USDT"},"data":[{"asks":[["55.49","4","0","1"],["55.5","46.310724","0","8"],["55.51","32.726164","0","5"],["55.52","74.447293","0","10"],["55.53","120.746719","0","7"]],"bids":[["55.47","40.967576","0","6"],["55.46","60.422718","0","8"],["55.45","79.705095","0","13"],["55.44","94.782963","0","6"],["55.43","117.110717","0","10"]],"instId":"LTC-USDT","ts":"1722886115700","seqId":7298657953}]}
{"arg":{"channel":"books5","instId":"LTC-USDT"},"data":[{"asks":[["55.49","4","0","1"],["55.5","46.310724","0","8"],["55.51","32.726164","0","5"],["55.52","74.447293","0","10"],["55.53","111.743371","0","6"]],"bids":[["55.47","40.967576","0","6"],["55.46","60.422718","0","8"],["55.45","79.705095","0","13"],["55.44","94.782963","0","6"],["55.43","117.110717","0","10"]],"instId":"LTC-USDT","ts":"1722886115800","seqId":7298657956}]}
{"arg":{"channel":"books5","instId":"LTC-USDT"},"data":[{"asks":[["55.49","4","0","1"],["55.5","46.310724","0","8"],["55.51","32.726164","0","5"],["55.52","74.447293","0","10"],["55.53","111.743371","0","6"]],"bids":[["55.48","8.25","0","1"],["55.47","54.283803","0","8"],["55.46","60.629477","0","9"],["55.45","79.524912","0","12"],["55.44","94.782963","0","6"]],"instId":"LTC-USDT","ts":"1722886115900","seqId":7298657970}]}
{"arg":{"channel":"books5","instId":"LTC-USDT"},"data":[{"asks":[["55.49","20.5","0","3"],["55.5","46.310724","0","8"],["55.51","32.726164","0","5"],["55.52","83.450665","0","11"],["55.53","111.743371","0","6"]],"bids":[["55.47","40.967576","0","6"],["55.46","60.422718","0","8"],["55.45","75.857765","0","12"],["55.44","98.630382","0","7"],["55.43","117.110717","0","10"]],"instId":"LTC-USDT","ts":"1722886116000","seqId":7298657985}]}
{"arg":{"channel":"books5","instId":"LTC-USDT"},"data":[{"asks":[["55.49","20.5","0","3"],["55.5","46.310724","0","8"],["55.51","32.726164","0","5"],["55.52","83.450665","0","11"],["55.53","111.743371","0","6"]],"bids":[["55.47","40.967576","0","6"],["55.46","60.422718","0","8"],["55.45","75.857765","0","12"],["55.44","52.598598","0","5"],["55.43","73.580217","0","9"]],"instId":"LTC-USDT","ts":"1722886116100","seqId":7298657992}]}
{"arg":{"channel":"books5","instId":"LTC-USDT"},"data":[{"asks":[["55.48","24.98903","0","4"],["55.49","47.828111","0","8"],["55.5","45.394983","0","8"],["55.51","25.485594","0","4"],["55.52","77.522196","0","11"]],"bids":[["55.47","9.010178","0","1"],["55.46","0.872198","0","1"],["55.45","50.134987","0","11"],["55.44","79.615071","0","6"],["55.43","73.580217","0","9"]],"instId":"LTC-USDT","ts":"1722886116200","seqId":7298658045}]}
{"arg":{"channel":"books5","instId":"LTC-USDT"},"data":[{"asks":[["55.48","20.355098","0","3"],["55.49","47.828111","0","8"],["55.5","45.394983","0","8"],["55.51","25.485594","0","4"],["55.52","77.522396","0","11"]],"bids":[["55.46","34.946211","0","6"],["55.45","76.332077","0","12"],["55.44","79.615071","0","6"],["55.43","73.580217","0","9"],["55.42","56.42106","0","9"]],"instId":"LTC-USDT","ts":"1722886116300","seqId":7298658072}]}
{"arg":{"channel":"books5","instId":"LTC-USDT"},"data":[{"asks":[["55.48","36.338887","0","5"],["55.49","57.621304","0","9"],["55.5","45.394983","0","8"],["55.51","91.130868","0","5"],["55.52","77.522396","0","11"]],"bids":[["55.46","9.885035","0","2"],["55.45","73.224776","0","10"],["55.44","82.722372","0","8"],["55.43","76.534277","0","10"],["55.42","56.42106","0","9"]],"instId":"LTC-USDT","ts":"1722886116400","seqId":7298658101}]}
{"arg":{"channel":"books5","instId":"LTC-USDT"},"data":[{"asks":[["55.48","30.355092","0","4"],["55.49","64.861874","0","10"],["55.5","38.154413","0","7"],["55.51","91.130868","0","5"],["55.52","77.522396","0","11"]],"bids":[["55.46","17.613345","0","4"],["55.45","73.224776","0","10"],["55.44","82.722372","0","8"],["55.43","76.534277","0","10"],["55.42","56.42106","0","9"]],"instId":"LTC-USDT","ts":"1722886116500","seqId":7298658110}]}
{"arg":{"channel":"books5","instId":"LTC-USDT"},"data":[{"asks":[["55.48","29.01368","0","4"],["55.49","64.861874","0","10"],["55.5","38.154413","0","7"],["55.51","91.130868","0","5"],["55.52","73.67992","0","10"]],"bids":[["55.46","9.885035","0","2"],["55.45","72.304788","0","10"],["55.44","83.643065","0","8"],["55.43","118.113369","0","11"],["55.42","56.42106","0","9"]],"instId":"LTC-USDT","ts":"1722886116600","seqId":7298658140}]}
{"arg":{"channel":"books5","instId":"LTC-USDT"},"data":[{"asks":[["55.49","116.987004","0","12"],["55.5","43.965963","0","8"],["55.51","94.973772","0","6"],["55.52","67.86837","0","9"],["55.53","78.026661","0","6"]],"bids":[["55.46","34.526789","0","6"],["55.45","72.304788","0","10"],["55.44","79.795071","0","7"],["55.43","80.382397","0","11"],["55.42","56.42106","0","9"]],"instId":"LTC-USDT","ts":"1722886116700","seqId":7298658161}]}
{"arg":{"channel":"books5","instId":"LTC-USDT"},"data":[{"asks":[["55.49","70.626408","0","6"],["55.5","57.300237","0","9"],["55.51","34.490629","0","5"],["55.52","67.86837","0","9"],["55.53","78.026661","0","6"]],"bids":[["55.46","48.331291","0","8"],["55.45","75.438848","0","12"],["55.44","79.615071","0","6"],["55.43","76.534277","0","10"],["55.42","98.000152","0","10"]],"instId":"LTC-USDT","ts":"1722886116800","seqId":7298658210}]}
{"arg":{"channel":"books5","instId":"LTC-USDT"},"data":[{"asks":[["55.48","16.5","0","2"],["55.49","99.878937","0","8"],["55.5","68.836737","0","11"],["55.51","34.490629","0","5"],["55.52","71.710881","0","10"]],"bids":[["55.46","21.248873","0","5"],["55.45","72.484788","0","11"],["55.44","79.615071","0","6"],["55.43","60.487691","0","9"],["55.42","81.063216","0","9"]],"instId":"LTC-USDT","ts":"1722886116900","seqId":7298658243}]}
{"arg":{"channel":"books5","instId":"LTC-USDT"},"data":[{"asks":[["55.49","97.325934","0","9"],["55.5","101.315405","0","10"],["55.51","34.490629","0","5"],["55.52","67.86837","0","9"],["55.53","78.026661","0","6"]],"bids":[["55.46","36.034932","0","6"],["55.45","76.332156","0","12"],["55.44","79.615071","0","6"],["55.43","60.487691","0","9"],["55.42","81.063216","0","9"]],"instId":"LTC-USDT","ts":"1722886117000","seqId":7298658260}]}
{"arg":{"channel":"books5","instId":"LTC-USDT"},"data":[{"asks":[["55.48","16.5","0","2"],["55.49","147.711034","0","11"],["55.5","101.315405","0","10"],["55.51","34.490629","0","5"],["55.52","67.86837","0","9"]],"bids":[["55.46","22.488131","0","5"],["55.45","76.152156","0","11"],["55.44","79.795071","0","7"],["55.43","60.487691","0","9"],["55.42","39.484124","0","8"]],"instId":"LTC-USDT","ts":"1722886117100","seqId":7298658275}]}
{"arg":{"channel":"books5","instId":"LTC-USDT"},"data":[{"asks":[["55.49","110.470464","0","9"],["55.5","108.555975","0","11"],["55.51","34.490629","0","5"],["55.52","67.86837","0","9"],["55.53","78.026661","0","6"]],"bids":[["55.46","36.301548","0","7"],["55.45","72.304788","0","10"],["55.44","79.795071","0","7"],["55.43","101.269355","0","10"],["55.42","39.484124","0","8"]],"instId":"LTC-USDT","ts":"1722886117200","seqId":7298658291}]}
{"arg":{"channel":"books5","instId":"LTC-USDT"},"data":[{"asks":[["55.49","120.085364","0","9"],["55.5","64.540807","0","10"],["55.51","79.367355","0","6"],["55.52","71.710719","0","10"],["55.53","78.026661","0","6"]],"bids":[["55.46","36.301548","0","7"],["55.45","72.484788","0","11"],["55.44","83.4628","0","7"],["55.43","60.487691","0","9"],["55.42","39.484124","0","8"]],"instId":"LTC-USDT","ts":"1722886117300","seqId":7298658303}]}
{"arg":{"channel":"books5","instId":"LTC-USDT"},"data":[{"asks":[["55.49","120.085364","0","9"],["55.5","64.540807","0","10"],["55.51","135.773785","0","7"],["55.52","71.710719","0","10"],["55.53","78.026661","0","6"]],"bids":[["55.46","36.301548","0","7"],["55.45","72.484788","0","11"],["55.44","79.615071","0","6"],["55.43","101.269355","0","10"],["55.42","39.484124","0","8"]],"instId":"LTC-USDT","ts":"1722886117400","seqId":7298658325}]}
{"arg":{"channel":"books5","instId":"LTC-USDT"},"data":[{"asks":[["55.5","15.82655","0","3"],["55.51","76.509192","0","7"],["55.52","125.591254","0","12"],["55.53","69.029197","0","5"],["55.54","168.171635","0","8"]],"bids":[["55.47","57.666978","0","7"],["55.46","53.144553","0","10"],["55.45","75.258848","0","11"],["55.44","83.462657","0","7"],["55.43","101.269355","0","10"]],"instId":"LTC-USDT","ts":"1722886117500","seqId":7298658379}]}
{"arg":{"channel":"books5","instId":"LTC-USDT"},"data":[{"asks":[["55.5","14.07655","0","3"],["55.51","73.664293","0","6"],["55.52","116.182066","0","10"],["55.53","69.029197","0","5"],["55.54","168.171635","0","8"]],"bids":[["55.47","55.649694","0","8"],["55.46","53.144553","0","10"],["55.45","76.179046","0","11"],["55.44","79.615071","0","6"],["55.43","101.269355","0","10"]],"instId":"LTC-USDT","ts":"1722886117600","seqId":7298658394}]}
{"arg":{"channel":"books5","instId":"LTC-USDT"},"data":[{"asks":[["55.5","8.265","0","2"],["55.51","66.423723","0","5"],["55.52","90.415542","0","9"],["55.53","72.870988","0","6"],["55.54","184.686468","0","8"]],"bids":[["55.47","71.595235","0","9"],["55.46","82.309298","0","11"],["55.45","72.331547","0","10"],["55.44","79.615071","0","6"],["55.43","101.269355","0","10"]],"instId":"LTC-USDT","ts":"1722886117700","seqId":7298658415}]}
{"arg":{"channel":"books5","instId":"LTC-USDT"},"data":[{"asks":[["55.5","8.156046","0","3"],["55.51","66.423723","0","5"],["55.52","96.112775","0","10"],["55.53","72.870988","0","6"],["55.54","184.686468","0","8"]],"bids":[["55.48","35.509609","0","4"],["55.47","71.595235","0","9"],["55.46","77.013358","0","11"],["55.45","76.17851","0","11"],["55.44","79.615071","0","6"]],"instId":"LTC-USDT","ts":"1722886117800","seqId":7298658441}]}
{"arg":{"channel":"books5","instId":"LTC-USDT"},"data":[{"asks":[["55.5","12.156046","0","4"],["55.51","69.461404","0","5"],["55.52","53.198368","0","10"],["55.53","72.870988","0","6"],["55.54","163.053153","0","7"]],"bids":[["55.48","29.364708","0","4"],["55.47","71.610235","0","10"],["55.46","77.013358","0","11"],["55.45","69.392487","0","10"],["55.44","79.615071","0","6"]],"instId":"LTC-USDT","ts":"1722886117900","seqId":7298658509}]}
{"arg":{"channel":"books5","instId":"LTC-USDT"},"data":[{"asks":[["55.5","12.156046","0","4"],["55.51","69.461404","0","5"],["55.52","53.198368","0","10"],["55.53","72.870988","0","6"],["55.54","163.053153","0","7"]],"bids":[["55.48","29.364702","0","4"],["55.47","71.610235","0","10"],["55.46","77.013358","0","11"],["55.45","69.392487","0","10"],["55.44","79.615071","0","6"]],"instId":"LTC-USDT","ts":"1722886118000","seqId":7298658525}]}
{"arg":{"channel":"books5","instId":"LTC-USDT"},"data":[{"asks":[["55.5","7.870094","0","3"],["55.51","69.461404","0","5"],["55.52","53.198368","0","10"],["55.53","72.870988","0","6"],["55.54","163.053153","0","7"]],"bids":[["55.49","8.25","0","1"],["55.48","35.55117","0","5"],["55.47","63.360235","0","9"],["55.46","76.833358","0","10"],["55.45","73.239326","0","11"]],"instId":"LTC-USDT","ts":"1722886118100","seqId":7298658535}]}
{"arg":{"channel":"books5","instId":"LTC-USDT"},"data":[{"asks":[["55.5","28.60281","0","6"],["55.51","69.461404","0","5"],["55.52","53.198368","0","10"],["55.53","72.348569","0","5"],["55.54","166.208985","0","8"]],"bids":[["55.48","12.864702","0","2"],["55.47","60.432934","0","8"],["55.46","77.013358","0","11"],["55.45","69.392487","0","10"],["55.44","79.615071","0","6"]],"instId":"LTC-USDT","ts":"1722886118200","seqId":7298658568}]}
{"arg":{"channel":"books5","instId":"LTC-USDT"},"data":[{"asks":[["55.5","7.870098","0","3"],["55.51","69.461404","0","5"],["55.52","53.198368","0","10"],["55.53","72.348569","0","5"],["55.54","171.168467","0","9"]],"bids":[["55.48","38.194129","0","6"],["55.47","69.46389","0","9"],["55.46","77.013358","0","11"],["55.45","69.392487","0","10"],["55.44","79.615071","0","6"]],"instId":"LTC-USDT","ts":"1722886118300","seqId":7298658590}]}
{"arg":{"channel":"books5","instId":"LTC-USDT"},"data":[{"asks":[["55.5","4.015","0","2"],["55.51","79.461404","0","6"],["55.52","53.198368","0","10"],["55.53","72.348569","0","5"],["55.54","171.168467","0","9"]],"bids":[["55.48","45.037996","0","7"],["55.47","69.46389","0","9"],["55.46","77.013358","0","11"],["55.45","73.239324","0","11"],["55.44","79.615071","0","6"]],"instId":"LTC-USDT","ts":"1722886118400","seqId":7298658608}]}
{"arg":{"channel":"books5","instId":"LTC-USDT"},"data":[{"asks":[["55.5","4.015","0","2"],["55.51","99.89598","0","7"],["55.52","58.543905","0","11"],["55.53","118.871429","0","6"],["55.54","245.065007","0","10"]],"bids":[["55.48","38.194129","0","6"],["55.47","69.46389","0","9"],["55.46","80.859831","0","12"],["55.45","69.392487","0","10"],["55.44","79.615071","0","6"]],"instId":"LTC-USDT","ts":"1722886118600","seqId":7298658634}]}
{"arg":{"channel":"books5","instId":"LTC-USDT"},"data":[{"asks":[["55.5","29.190759","0","6"],["55.51","107.13655","0","8"],["55.52","51.303335","0","10"],["55.53","118.871429","0","6"],["55.54","245.065007","0","10"]],"bids":[["55.48","16.398181","0","3"],["55.47","56.294099","0","8"],["55.46","77.013358","0","11"],["55.45","73.239333","0","11"],["55.44","79.615071","0","6"]],"instId":"LTC-USDT","ts":"1722886118700","seqId":7298658659}]}
{"arg":{"channel":"books5","instId":"LTC-USDT"},"data":[{"asks":[["55.5","29.190759","0","6"],["55.51","107.13655","0","8"],["55.52","51.303335","0","10"],["55.53","118.871429","0","6"],["55.54","245.065007","0","10"]],"bids":[["55.48","20.212331","0","4"],["55.47","53.366798","0","7"],["55.46","79.940659","0","12"],["55.45","73.239333","0","11"],["55.44","79.615071","0","6"]],"instId":"LTC-USDT","ts":"1722886118800","seqId":7298658664}]}
{"arg":{"channel":"books5","instId":"LTC-USDT"},"data":[{"asks":[["55.5","4.015","0","2"],["55.51","60.61369","0","7"],["55.52","51.303335","0","10"],["55.53","72.348569","0","5"],["55.54","245.065007","0","10"]],"bids":[["55.48","36.712331","0","6"],["55.47","56.294099","0","8"],["55.46","77.013358","0","11"],["55.45","69.392487","0","10"],["55.44","79.615071","0","6"]],"instId":"LTC-USDT","ts":"1722886118900","seqId":7298658692}]}
{"arg":{"channel":"books5","instId":"LTC-USDT"},"data":[{"asks":[["55.5","31.085165","0","6"],["55.51","60.61369","0","7"],["55.52","51.303335","0","10"],["55.53","72.348569","0","5"],["55.54","245.065007","0","10"]],"bids":[["55.48","29.043089","0","4"],["55.47","56.294099","0","8"],["55.46","77.013358","0","11"],["55.45","114.973579","0","12"],["55.44","79.615071","0","6"]],"instId":"LTC-USDT","ts":"1722886119000","seqId":7298658705}]}
{"arg":{"channel":"books5","instId":"LTC-USDT"},"data":[{"asks":[["55.5","31.085165","0","6"],["55.51","60.61369","0","7"],["55.52","51.303335","0","10"],["55.53","72.348569","0","5"],["55.54","245.065007","0","10"]],"bids":[["55.48","32.898189","0","5"],["55.47","56.294099","0","8"],["55.46","77.013358","0","11"],["55.45","111.126744","0","11"],["55.44","79.615071","0","6"]],"instId":"LTC-USDT","ts":"1722886119100","seqId":7298658712}]}
{"arg":{"channel":"books5","instId":"LTC-USDT"},"data":[{"asks":[["55.5","7.870097","0","3"],["55.51","53.37312","0","6"],["55.52","58.543905","0","11"],["55.53","72.348569","0","5"],["55.54","245.065007","0","10"]],"bids":[["55.48","36.54418","0","6"],["55.47","56.294099","0","8"],["55.46","77.013358","0","11"],["55.45","73.239325","0","11"],["55.44","121.831253","0","7"]],"instId":"LTC-USDT","ts":"1722886119200","seqId":7298658739}]}
{"arg":{"channel":"books5","instId":"LTC-USDT"},"data":[{"asks":[["55.5","32.472825","0","6"],["55.51","110.108348","0","8"],["55.52","51.303335","0","10"],["55.53","72.348569","0","5"],["55.54","220.065007","0","9"]],"bids":[["55.48","12.543089","0","2"],["55.47","56.294099","0","8"],["55.46","77.013358","0","11"],["55.45","73.239325","0","11"],["55.44","79.615071","0","6"]],"instId":"LTC-USDT","ts":"1722886119300","seqId":7298658753}]}
{"arg":{"channel":"books5","instId":"LTC-USDT"},"data":[{"asks":[["55.5","4.015","0","2"],["55.51","102.867778","0","7"],["55.52","51.303335","0","10"],["55.53","75.738988","0","6"],["55.54","220.065007","0","9"]],"bids":[["55.48","40.118205","0","6"],["55.47","53.366798","0","7"],["55.46","79.940659","0","12"],["55.45","69.392487","0","10"],["55.44","79.615071","0","6"]],"instId":"LTC-USDT","ts":"1722886119400","seqId":7298658780}]}
{"arg":{"channel":"books5","instId":"LTC-USDT"},"data":[{"asks":[["55.5","7.870097","0","3"],["55.51","53.37312","0","6"],["55.52","58.543905","0","11"],["55.53","75.738988","0","6"],["55.54","220.065007","0","9"]],"bids":[["55.48","32.898183","0","5"],["55.47","56.294099","0","8"],["55.46","77.013358","0","11"],["55.45","73.239305","0","11"],["55.44","121.831253","0","7"]],"instId":"LTC-USDT","ts":"1722886119500","seqId":7298658791}]}
{"arg":{"channel":"books5","instId":"LTC-USDT"},"data":[{"asks":[["55.5","35.917278","0","6"],["55.51","60.61369","0","7"],["55.52","51.303335","0","10"],["55.53","71.897313","0","5"],["55.54","220.065007","0","9"]],"bids":[["55.48","12.543089","0","2"],["55.47","56.294099","0","8"],["55.46","77.013358","0","11"],["55.45","73.239305","0","11"],["55.44","79.615071","0","6"]],"instId":"LTC-USDT","ts":"1722886119600","seqId":7298658813}]}
{"arg":{"channel":"books5","instId":"LTC-USDT"},"data":[{"asks":[["55.49","33.40115","0","4"],["55.5","58.00521","0","7"],["55.51","60.61369","0","7"],["55.52","51.303335","0","10"],["55.53","71.897313","0","5"]],"bids":[["55.48","9.009609","0","1"],["55.47","4.066403","0","1"],["55.46","39.598613","0","9"],["55.45","69.392487","0","10"],["55.44","79.615071","0","6"]],"instId":"LTC-USDT","ts":"1722886119700","seqId":7298658849}]}
{"arg":{"channel":"books5","instId":"LTC-USDT"},"data":[{"asks":[["55.49","37.256241","0","5"],["55.5","103.193257","0","8"],["55.51","53.37312","0","6"],["55.52","55.145507","0","11"],["55.53","71.897313","0","5"]],"bids":[["55.48","9.009609","0","1"],["55.46","44.894553","0","9"],["55.45","75.273848","0","12"],["55.44","79.615071","0","6"],["55.43","57.533631","0","8"]],"instId":"LTC-USDT","ts":"1722886119800","seqId":7298658870}]}
{"arg":{"channel":"books5","instId":"LTC-USDT"},"data":[{"asks":[["55.5","46.458029","0","6"],["55.51","60.61369","0","7"],["55.52","84.310252","0","12"],["55.53","71.897313","0","5"],["55.54","184.717682","0","8"]],"bids":[["55.48","9.009609","0","1"],["55.47","21.129185","0","3"],["55.46","47.844763","0","10"],["55.45","75.273848","0","12"],["55.44","79.615071","0","6"]],"instId":"LTC-USDT","ts":"1722886119900","seqId":7298658890}]}
{"arg":{"channel":"books5","instId":"LTC-USDT"},"data":[{"asks":[["55.5","46.458029","0","6"],["55.51","60.61369","0","7"],["55.52","80.46808","0","11"],["55.53","71.897313","0","5"],["55.54","184.717682","0","8"]],"bids":[["55.48","9.009609","0","1"],["55.47","30.051408","0","4"],["55.46","79.936809","0","12"],["55.45","75.776191","0","12"],["55.44","79.615071","0","6"]],"instId":"LTC-USDT","ts":"1722886120000","seqId":7298658916}]}
{"arg":{"channel":"books5","instId":"LTC-USDT"},"data":[{"asks":[["55.5","46.458029","0","6"],["55.51","60.61369","0","7"],["55.52","80.46808","0","11"],["55.53","71.897313","0","5"],["55.54","184.717682","0","8"]],"bids":[["55.48","9.009609","0","1"],["55.47","32.978709","0","5"],["55.46","77.009508","0","11"],["55.45","75.776191","0","12"],["55.44","79.615071","0","6"]],"instId":"LTC-USDT","ts":"1722886120100","seqId":7298658919}]}
{"arg":{"channel":"books5","instId":"LTC-USDT"},"data":[{"asks":[["55.5","43.901549","0","5"],["55.51","43.37312","0","5"],["55.52","58.543905","0","11"],["55.53","71.897313","0","5"],["55.54","213.882427","0","9"]],"bids":[["55.48","25.509609","0","3"],["55.47","46.808625","0","6"],["55.46","77.009508","0","11"],["55.45","75.776191","0","12"],["55.44","79.615071","0","6"]],"instId":"LTC-USDT","ts":"1722886120200","seqId":7298658942}]}
{"arg":{"channel":"books5","instId":"LTC-USDT"},"data":[{"asks":[["55.5","13.901549","0","4"],["55.51","53.37312","0","6"],["55.52","58.543905","0","11"],["55.53","71.897313","0","5"],["55.54","213.882427","0","9"]],"bids":[["55.48","25.509609","0","3"],["55.47","56.808625","0","7"],["55.46","77.009508","0","11"],["55.45","75.776191","0","12"],["55.44","79.615071","0","6"]],"instId":"LTC-USDT","ts":"1722886120300","seqId":7298658947}]}
{"arg":{"channel":"books5","instId":"LTC-USDT"},"data":[{"asks":[["55.5","13.901549","0","4"],["55.51","53.37312","0","6"],["55.52","68.350408","0","12"],["55.53","75.739162","0","6"],["55.54","213.882427","0","9"]],"bids":[["55.48","25.509609","0","3"],["55.47","56.808625","0","7"],["55.46","77.009508","0","11"],["55.45","75.776191","0","12"],["55.44","79.615071","0","6"]],"instId":"LTC-USDT","ts":"1722886120400","seqId":7298658957}]}
{"arg":{"channel":"books5","instId":"LTC-USDT"},"data":[{"asks":[["55.5","30.386549","0","5"],["55.51","60.61369","0","7"],["55.52","61.109838","0","11"],["55.53","75.739162","0","6"],["55.54","213.882427","0","9"]],"bids":[["55.48","25.509609","0","3"],["55.47","56.808625","0","7"],["55.46","77.009508","0","11"],["55.45","75.776191","0","12"],["55.44","79.615071","0","6"]],"instId":"LTC-USDT","ts":"1722886120500","seqId":7298658973}]}
{"arg":{"channel":"books5","instId":"LTC-USDT"},"data":[{"asks":[["55.5","30.386549","0","5"],["55.51","60.61369","0","7"],["55.52","55.14532","0","11"],["55.53","71.897313","0","5"],["55.54","213.882427","0","9"]],"bids":[["55.48","9.009609","0","1"],["55.47","56.808625","0","7"],["55.46","77.009508","0","11"],["55.45","75.776191","0","12"],["55.44","79.615071","0","6"]],"instId":"LTC-USDT","ts":"1722886120600","seqId":7298658982}]}
{"arg":{"channel":"books5","instId":"LTC-USDT"},"data":[{"asks":[["55.5","30.386549","0","5"],["55.51","112.000087","0","8"],["55.52","51.303335","0","10"],["55.53","75.739266","0","6"],["55.54","213.882427","0","9"]],"bids":[["55.48","9.009609","0","1"],["55.47","56.808625","0","7"],["55.46","77.009508","0","11"],["55.45","75.776191","0","12"],["55.44","79.615071","0","6"]],"instId":"LTC-USDT","ts":"1722886120700","seqId":7298658985}]}
{"arg":{"channel":"books5","instId":"LTC-USDT"},"data":[{"asks":[["55.5","30.386549","0","5"],["55.51","117.165623","0","9"],["55.52","102.689732","0","11"],["55.53","72.348731","0","5"],["55.54","213.882427","0","9"]],"bids":[["55.48","9.009609","0","1"],["55.47","56.808625","0","7"],["55.46","77.009508","0","11"],["55.45","75.776191","0","12"],["55.44","120.245649","0","7"]],"instId":"LTC-USDT","ts":"1722886120800","seqId":7298658990}]}
{"arg":{"channel":"books5","instId":"LTC-USDT"},"data":[{"asks":[["55.49","16.5","0","2"],["55.5","46.251249","0","6"],["55.51","65.779226","0","8"],["55.52","55.145608","0","11"],["55.53","68.506778","0","4"]],"bids":[["55.48","9.009609","0","1"],["55.47","32.288156","0","4"],["55.46","79.936809","0","12"],["55.45","72.822131","0","11"],["55.44","79.615071","0","6"]],"instId":"LTC-USDT","ts":"1722886120900","seqId":7298659012}]}
{"arg":{"channel":"books5","instId":"LTC-USDT"},"data":[{"asks":[["55.5","46.266249","0","7"],["55.51","65.779226","0","8"],["55.52","55.145608","0","11"],["55.53","68.506778","0","4"],["55.54","213.882427","0","9"]],"bids":[["55.48","9.009609","0","1"],["55.47","27.964591","0","5"],["55.46","79.936809","0","12"],["55.45","72.822131","0","11"],["55.44","79.615071","0","6"]],"instId":"LTC-USDT","ts":"1722886121000","seqId":7298659033}]}
{"arg":{"channel":"books5","instId":"LTC-USDT"},"data":[{"asks":[["55.5","29.766249","0","5"],["55.51","65.779226","0","8"],["55.52","51.303335","0","10"],["55.53","72.348625","0","5"],["55.54","213.882427","0","9"]],"bids":[["55.48","25.509609","0","3"],["55.47","38.998699","0","6"],["55.46","82.775412","0","13"],["55.45","69.392487","0","10"],["55.44","79.615071","0","6"]],"instId":"LTC-USDT","ts":"1722886121100","seqId":7298659051}]}
{"arg":{"channel":"books5","instId":"LTC-USDT"},"data":[{"asks":[["55.49","24.084484","0","4"],["55.5","83.970771","0","9"],["55.51","58.538656","0","7"],["55.52","51.303335","0","10"],["55.53","68.506778","0","4"]],"bids":[["55.48","9.009609","0","1"],["55.47","9.122198","0","2"],["55.46","82.775412","0","13"],["55.45","69.392487","0","10"],["55.44","79.615071","0","6"]],"instId":"LTC-USDT","ts":"1722886121200","seqId":7298659079}]}
{"arg":{"channel":"books5","instId":"LTC-USDT"},"data":[{"asks":[["55.49","16.5","0","2"],["55.5","63.970771","0","9"],["55.51","58.538656","0","7"],["55.52","55.145604","0","11"],["55.53","68.506778","0","4"]],"bids":[["55.48","9.009609","0","1"],["55.47","29.472462","0","4"],["55.46","79.936809","0","12"],["55.45","69.392487","0","10"],["55.44","79.615071","0","6"]],"instId":"LTC-USDT","ts":"1722886121300","seqId":7298659103}]}
{"arg":{"channel":"books5","instId":"LTC-USDT"},"data":[{"asks":[["55.48","26.5","0","3"],["55.49","74.651719","0","8"],["55.5","44.480201","0","6"],["55.51","104.992156","0","7"],["55.52","84.310349","0","12"]],"bids":[["55.46","0.872198","0","1"],["55.45","37.884877","0","10"],["55.44","79.615071","0","6"],["55.43","60.485221","0","9"],["55.42","45.507026","0","10"]],"instId":"LTC-USDT","ts":"1722886121400","seqId":7298659164}]}
{"arg":{"channel":"books5","instId":"LTC-USDT"},"data":[{"asks":[["55.48","20.355096","0","3"],["55.49","74.651719","0","8"],["55.5","44.480201","0","6"],["55.51","104.992156","0","7"],["55.52","75.30654","0","11"]],"bids":[["55.46","27.452012","0","5"],["55.45","53.440954","0","11"],["55.44","79.615071","0","6"],["55.43","60.485221","0","9"],["55.42","45.507026","0","10"]],"instId":"LTC-USDT","ts":"1722886121500","seqId":7298659187}]}
{"arg":{"channel":"books5","instId":"LTC-USDT"},"data":[{"asks":[["55.48","16.105096","0","3"],["55.49","87.454982","0","9"],["55.5","52.730201","0","7"],["55.51","104.992156","0","7"],["55.52","71.464271","0","10"]],"bids":[["55.46","25.828394","0","5"],["55.45","53.440954","0","11"],["55.44","83.462724","0","7"],["55.43","60.485221","0","9"],["55.42","45.507026","0","10"]],"instId":"LTC-USDT","ts":"1722886121600","seqId":7298659249}]}
{"arg":{"channel":"books5","instId":"LTC-USDT"},"data":[{"asks":[["55.48","16.105096","0","3"],["55.49","87.454982","0","9"],["55.5","52.730201","0","7"],["55.51","108.834919","0","8"],["55.52","71.464271","0","10"]],"bids":[["55.46","25.828394","0","5"],["55.45","53.440954","0","11"],["55.44","79.615071","0","6"],["55.43","60.485221","0","9"],["55.42","45.507026","0","10"]],"instId":"LTC-USDT","ts":"1722886121700","seqId":7298659255}]}
{"arg":{"channel":"books5","instId":"LTC-USDT"},"data":[{"asks":[["55.48","4","0","1"],["55.49","74.289621","0","8"],["55.5","59.970771","0","8"],["55.51","108.834919","0","8"],["55.52","71.464271","0","10"]],"bids":[["55.46","36.174074","0","6"],["55.45","78.267838","0","11"],["55.44","83.642967","0","8"],["55.43","60.485221","0","9"],["55.42","45.507026","0","10"]],"instId":"LTC-USDT","ts":"1722886121800","seqId":7298659280}]}
{"arg":{"channel":"books5","instId":"LTC-USDT"},"data":[{"asks":[["55.48","20.5","0","3"],["55.49","102.212045","0","9"],["55.5","112.665146","0","9"],["55.51","108.834919","0","8"],["55.52","124.158646","0","11"]],"bids":[["55.46","36.174074","0","6"],["55.45","78.267838","0","11"],["55.44","79.795071","0","7"],["55.43","64.33347","0","10"],["55.42","45.507026","0","10"]],"instId":"LTC-USDT","ts":"1722886121900","seqId":7298659290}]}
{"arg":{"channel":"books5","instId":"LTC-USDT"},"data":[{"asks":[["55.48","20.5","0","3"],["55.49","109.452615","0","10"],["55.5","105.424576","0","8"],["55.51","108.834919","0","8"],["55.52","124.158646","0","11"]],"bids":[["55.46","19.674074","0","4"],["55.45","78.267838","0","11"],["55.44","79.795071","0","7"],["55.43","64.33347","0","10"],["55.42","45.507026","0","10"]],"instId":"LTC-USDT","ts":"1722886122000","seqId":7298659297}]}
{"arg":{"channel":"books5","instId":"LTC-USDT"},"data":[{"asks":[["55.48","20.5","0","3"],["55.49","87.170497","0","10"],["55.5","52.730201","0","7"],["55.51","108.834919","0","8"],["55.52","71.464271","0","10"]],"bids":[["55.46","19.674074","0","4"],["55.45","78.267838","0","11"],["55.44","83.643178","0","8"],["55.43","60.485221","0","9"],["55.42","45.507026","0","10"]],"instId":"LTC-USDT","ts":"1722886122100","seqId":7298659309}]}
{"arg":{"channel":"books5","instId":"LTC-USDT"},"data":[{"asks":[["55.48","4","0","1"],["55.49","61.641403","0","6"],["55.5","59.970771","0","8"],["55.51","108.834919","0","8"],["55.52","71.464271","0","10"]],"bids":[["55.47","38.718273","0","5"],["55.46","55.644137","0","8"],["55.45","75.520537","0","11"],["55.44","83.463178","0","7"],["55.43","60.485221","0","9"]],"instId":"LTC-USDT","ts":"1722886122200","seqId":7298659340}]}
{"arg":{"channel":"books5","instId":"LTC-USDT"},"data":[{"asks":[["55.48","12.25","0","2"],["55.49","73.817079","0","5"],["55.5","52.730201","0","7"],["55.51","101.225644","0","8"],["55.52","71.464271","0","10"]],"bids":[["55.46","49.281618","0","9"],["55.45","75.520537","0","11"],["55.44","79.615071","0","6"],["55.43","77.221847","0","10"],["55.42","45.507026","0","10"]],"instId":"LTC-USDT","ts":"1722886122300","seqId":7298659385}]}
{"arg":{"channel":"books5","instId":"LTC-USDT"},"data":[{"asks":[["55.48","12.25","0","2"],["55.49","79.933988","0","6"],["55.5","59.970771","0","8"],["55.51","90.142311","0","6"],["55.52","75.30692","0","11"]],"bids":[["55.46","37.770054","0","5"],["55.45","82.115304","0","12"],["55.44","79.795071","0","7"],["55.43","77.221847","0","10"],["55.42","45.507026","0","10"]],"instId":"LTC-USDT","ts":"1722886122400","seqId":7298659406}]}
{"arg":{"channel":"books5","instId":"LTC-USDT"},"data":[{"asks":[["55.48","20.5","0","3"],["55.49","79.933988","0","6"],["55.5","59.970771","0","8"],["55.51","90.142311","0","6"],["55.52","75.30692","0","11"]],"bids":[["55.46","37.770054","0","5"],["55.45","82.115304","0","12"],["55.44","79.795071","0","7"],["55.43","77.221847","0","10"],["55.42","45.507026","0","10"]],"instId":"LTC-USDT","ts":"1722886122500","seqId":7298659411}]}
{"arg":{"channel":"books5","instId":"LTC-USDT"},"data":[{"asks":[["55.48","20.5","0","3"],["55.49","87.174558","0","7"],["55.5","103.786268","0","8"],["55.51","90.142311","0","6"],["55.52","71.464271","0","10"]],"bids":[["55.46","29.520054","0","4"],["55.45","82.115304","0","12"],["55.44","79.795071","0","7"],["55.43","77.221847","0","10"],["55.42","85.917151","0","11"]],"instId":"LTC-USDT","ts":"1722886122600","seqId":7298659419}]}
{"arg":{"channel":"books5","instId":"LTC-USDT"},"data":[{"asks":[["55.48","20.5","0","3"],["55.49","109.513619","0","9"],["55.5","103.786268","0","8"],["55.51","99.147681","0","7"],["55.52","122.520338","0","11"]],"bids":[["55.47","9.011477","0","1"],["55.46","21.270054","0","3"],["55.45","81.399428","0","13"],["55.44","79.615071","0","6"],["55.43","77.221847","0","10"]],"instId":"LTC-USDT","ts":"1722886122700","seqId":7298659438}]}
{"arg":{"channel":"books5","instId":"LTC-USDT"},"data":[{"asks":[["55.48","4","0","1"],["55.49","79.948988","0","7"],["55.5","111.026838","0","9"],["55.51","97.824843","0","7"],["55.52","122.520338","0","11"]],"bids":[["55.47","9.011477","0","1"],["55.46","40.027606","0","5"],["55.45","81.399428","0","13"],["55.44","79.615071","0","6"],["55.43","77.221847","0","10"]],"instId":"LTC-USDT","ts":"1722886122800","seqId":7298659456}]}
{"arg":{"channel":"books5","instId":"LTC-USDT"},"data":[{"asks":[["55.48","16.5","0","2"],["55.49","107.773613","0","9"],["55.5","103.786268","0","8"],["55.51","97.824843","0","7"],["55.52","127.714168","0","12"]],"bids":[["55.47","9.011477","0","1"],["55.46","29.520054","0","4"],["55.45","81.399428","0","13"],["55.44","83.462674","0","7"],["55.43","74.270257","0","9"]],"instId":"LTC-USDT","ts":"1722886122900","seqId":7298659473}]}
{"arg":{"channel":"books5","instId":"LTC-USDT"},"data":[{"asks":[["55.49","111.773613","0","10"],["55.5","52.730201","0","7"],["55.51","97.824843","0","7"],["55.52","76.658101","0","11"],["55.53","68.94744","0","4"]],"bids":[["55.47","9.011477","0","1"],["55.46","41.768806","0","6"],["55.45","81.399428","0","13"],["55.44","79.615071","0","6"],["55.43","74.270257","0","9"]],"instId":"LTC-USDT","ts":"1722886123000","seqId":7298659492}]}
{"arg":{"channel":"books5","instId":"LTC-USDT"},"data":[{"asks":[["55.49","107.832079","0","8"],["55.5","59.970771","0","8"],["55.51","93.982145","0","6"],["55.52","80.500636","0","12"],["55.53","68.94744","0","4"]],"bids":[["55.47","9.011477","0","1"],["55.46","41.768806","0","6"],["55.45","81.399428","0","13"],["55.44","83.462698","0","7"],["55.43","114.252818","0","10"]],"instId":"LTC-USDT","ts":"1722886123100","seqId":7298659507}]}
{"arg":{"channel":"books5","instId":"LTC-USDT"},"data":[{"asks":[["55.48","8.25","0","1"],["55.49","122.999703","0","9"],["55.5","111.066498","0","9"],["55.51","97.824947","0","7"],["55.52","127.753828","0","12"]],"bids":[["55.47","9.011477","0","1"],["55.46","41.768806","0","6"],["55.45","81.399428","0","13"],["55.44","79.615071","0","6"],["55.43","114.252818","0","10"]],"instId":"LTC-USDT","ts":"1722886123200","seqId":7298659520}]}
{"arg":{"channel":"books5","instId":"LTC-USDT"},"data":[{"asks":[["55.49","77.832079","0","7"],["55.5","59.970771","0","8"],["55.51","145.077872","0","7"],["55.52","80.500681","0","12"],["55.53","68.94744","0","4"]],"bids":[["55.47","25.511477","0","3"],["55.46","49.942606","0","7"],["55.45","88.066918","0","13"],["55.44","83.46274","0","7"],["55.43","114.252818","0","10"]],"instId":"LTC-USDT","ts":"1722886123300","seqId":7298659542}]}
{"arg":{"channel":"books5","instId":"LTC-USDT"},"data":[{"asks":[["55.49","62.876417","0","7"],["55.5","59.970771","0","8"],["55.51","145.077872","0","7"],["55.52","80.500681","0","12"],["55.53","120.043167","0","5"]],"bids":[["55.47","33.502311","0","5"],["55.46","49.957606","0","8"],["55.45","88.066918","0","13"],["55.44","79.615071","0","6"],["55.43","114.252818","0","10"]],"instId":"LTC-USDT","ts":"1722886123400","seqId":7298659557}]}
{"arg":{"channel":"books5","instId":"LTC-USDT"},"data":[{"asks":[["55.49","53.536309","0","5"],["55.5","102.352546","0","8"],["55.51","84.976775","0","5"],["55.52","80.500681","0","12"],["55.53","120.043167","0","5"]],"bids":[["55.48","9.009853","0","1"],["55.47","30.126875","0","4"],["55.46","69.998158","0","11"],["55.45","91.734483","0","13"],["55.44","79.615071","0","6"]],"instId":"LTC-USDT","ts":"1722886123500","seqId":7298659585}]}
{"arg":{"channel":"books5","instId":"LTC-USDT"},"data":[{"asks":[["55.49","9.015","0","3"],["55.5","58.696771","0","6"],["55.51","143.313072","0","7"],["55.52","80.500681","0","12"],["55.53","120.043167","0","5"]],"bids":[["55.48","9.009853","0","1"],["55.47","40.653183","0","5"],["55.46","69.998158","0","11"],["55.45","91.734483","0","13"],["55.44","119.597632","0","7"]],"instId":"LTC-USDT","ts":"1722886123600","seqId":7298659606}]}
{"arg":{"channel":"books5","instId":"LTC-USDT"},"data":[{"asks":[["55.49","9","0","2"],["55.5","89.080524","0","6"],["55.51","44.418439","0","6"],["55.52","136.202046","0","13"],["55.53","120.043167","0","5"]],"bids":[["55.48","9.009853","0","1"],["55.47","40.653183","0","5"],["55.46","99.162903","0","12"],["55.45","91.734483","0","13"],["55.44","119.597632","0","7"]],"instId":"LTC-USDT","ts":"1722886123700","seqId":7298659618}]}
{"arg":{"channel":"books5","instId":"LTC-USDT"},"data":[{"asks":[["55.5","0.015","0","1"],["55.51","113.538073","0","7"],["55.52","71.312564","0","10"],["55.53","68.94744","0","4"],["55.54","253.00115","0","10"]],"bids":[["55.48","25.509853","0","3"],["55.47","67.120635","0","8"],["55.46","96.235602","0","11"],["55.45","91.734483","0","13"],["55.44","119.597632","0","7"]],"instId":"LTC-USDT","ts":"1722886123800","seqId":7298659657}]}
{"arg":{"channel":"books5","instId":"LTC-USDT"},"data":[{"asks":[["55.49","8.25","0","1"],["55.5","64.341366","0","5"],["55.51","109.883479","0","6"],["55.52","71.312564","0","10"],["55.53","123.885216","0","6"]],"bids":[["55.48","9.009853","0","1"],["55.47","64.193334","0","7"],["55.46","102.870721","0","13"],["55.45","88.782893","0","12"],["55.44","119.597632","0","7"]],"instId":"LTC-USDT","ts":"1722886123900","seqId":7298659677}]}
{"arg":{"channel":"books5","instId":"LTC-USDT"},"data":[{"asks":[["55.49","27.983347","0","5"],["55.5","75.611089","0","8"],["55.51","102.642909","0","5"],["55.52","75.154895","0","11"],["55.53","120.043167","0","5"]],"bids":[["55.48","9.009853","0","1"],["55.47","9.845546","0","2"],["55.46","69.998158","0","11"],["55.45","88.782893","0","12"],["55.44","79.615071","0","6"]],"instId":"LTC-USDT","ts":"1722886124000","seqId":7298659715}]}
{"arg":{"channel":"books5","instId":"LTC-USDT"},"data":[{"asks":[["55.49","15.878256","0","3"],["55.5","68.370519","0","7"],["55.51","109.883479","0","6"],["55.52","75.154895","0","11"],["55.53","120.043167","0","5"]],"bids":[["55.48","9.009853","0","1"],["55.47","28.644245","0","4"],["55.46","69.998158","0","11"],["55.45","88.782893","0","12"],["55.44","120.713192","0","7"]],"instId":"LTC-USDT","ts":"1722886124100","seqId":7298659725}]}
{"arg":{"channel":"books5","instId":"LTC-USDT"},"data":[{"asks":[["55.49","24.128256","0","4"],["55.5","68.370519","0","7"],["55.51","109.883479","0","6"],["55.52","75.154895","0","11"],["55.53","120.043167","0","5"]],"bids":[["55.48","9.009853","0","1"],["55.47","9.845546","0","2"],["55.46","69.998158","0","11"],["55.45","88.782893","0","12"],["55.44","79.615071","0","6"]],"instId":"LTC-USDT","ts":"1722886124200","seqId":7298659733}]}
{"arg":{"channel":"books5","instId":"LTC-USDT"},"data":[{"asks":[["55.49","34.995638","0","6"],["55.5","75.611089","0","8"],["55.51","102.642909","0","5"],["55.52","75.154895","0","11"],["55.53","120.043167","0","5"]],"bids":[["55.48","9.009853","0","1"],["55.47","3.855099","0","1"],["55.46","69.998158","0","11"],["55.45","88.782893","0","12"],["55.44","79.615071","0","6"]],"instId":"LTC-USDT","ts":"1722886124300","seqId":7298659743}]}
{"arg":{"channel":"books5","instId":"LTC-USDT"},"data":[{"asks":[["55.47","18.25","0","2"],["55.48","66.332253","0","8"],["55.49","74.980509","0","9"],["55.5","65.817752","0","7"],["55.51","115.491166","0","7"]],"bids":[["55.46","0.872198","0","1"],["55.45","54.611897","0","9"],["55.44","79.615071","0","6"],["55.43","77.221847","0","10"],["55.42","45.507026","0","10"]],"instId":"LTC-USDT","ts":"1722886124400","seqId":7298659817}]}
{"arg":{"channel":"books5","instId":"LTC-USDT"},"data":[{"asks":[["55.48","27.572959","0","4"],["55.49","80.656919","0","9"],["55.5","65.817752","0","7"],["55.51","109.366278","0","7"],["55.52","65.615331","0","9"]],"bids":[["55.46","17.372198","0","3"],["55.45","48.699085","0","7"],["55.44","82.722372","0","8"],["55.43","82.978912","0","11"],["55.42","45.507026","0","10"]],"instId":"LTC-USDT","ts":"1722886124500","seqId":7298659850}]}
{"arg":{"channel":"books5","instId":"LTC-USDT"},"data":[{"asks":[["55.48","11.072959","0","2"],["55.49","48.521309","0","3"],["55.5","30.057896","0","6"],["55.51","54.427654","0","5"],["55.52","69.458039","0","10"]],"bids":[["55.46","24.573232","0","5"],["55.45","68.112665","0","10"],["55.44","110.47598","0","8"],["55.43","82.978912","0","11"],["55.42","45.507026","0","10"]],"instId":"LTC-USDT","ts":"1722886124600","seqId":7298659888}]}
{"arg":{"channel":"books5","instId":"LTC-USDT"},"data":[{"asks":[["55.48","1.072959","0","1"],["55.49","48.521309","0","3"],["55.5","92.415312","0","8"],["55.51","54.427654","0","5"],["55.52","74.62018","0","10"]],"bids":[["55.47","17.261483","0","2"],["55.46","53.23737","0","7"],["55.45","71.244255","0","12"],["55.44","110.29598","0","7"],["55.43","82.978912","0","11"]],"instId":"LTC-USDT","ts":"1722886124700","seqId":7298659909}]}
{"arg":{"channel":"books5","instId":"LTC-USDT"},"data":[{"asks":[["55.48","1.072959","0","1"],["55.49","40.271309","0","2"],["55.5","39.974019","0","7"],["55.51","54.427654","0","5"],["55.52","74.62018","0","10"]],"bids":[["55.47","39.366578","0","5"],["55.46","56.179671","0","9"],["55.45","68.31645","0","11"],["55.44","137.318872","0","8"],["55.43","123.513251","0","12"]],"instId":"LTC-USDT","ts":"1722886124800","seqId":7298659935}]}
{"arg":{"channel":"books5","instId":"LTC-USDT"},"data":[{"asks":[["55.48","1.072959","0","1"],["55.49","45.128168","0","3"],["55.5","36.373424","0","7"],["55.51","55.389995","0","5"],["55.52","69.42635","0","9"]],"bids":[["55.47","40.933206","0","6"],["55.46","56.179671","0","9"],["55.45","64.469498","0","10"],["55.44","141.166487","0","9"],["55.43","120.561661","0","11"]],"instId":"LTC-USDT","ts":"1722886124900","seqId":7298659953}]}
{"arg":{"channel":"books5","instId":"LTC-USDT"},"data":[{"asks":[["55.48","1.072959","0","1"],["55.49","45.128168","0","3"],["55.5","40.913794","0","8"],["55.51","55.389995","0","5"],["55.52","69.42635","0","9"]],"bids":[["55.47","45.451249","0","7"],["55.46","56.179671","0","9"],["55.45","64.469498","0","10"],["55.44","141.166487","0","9"],["55.43","161.659782","0","12"]],"instId":"LTC-USDT","ts":"1722886125000","seqId":7298659962}]}
{"arg":{"channel":"books5","instId":"LTC-USDT"},"data":[{"asks":[["55.48","1.072959","0","1"],["55.49","45.128168","0","3"],["55.5","93.355087","0","9"],["55.51","55.389995","0","5"],["55.52","69.42635","0","9"]],"bids":[["55.47","45.451249","0","7"],["55.46","56.179671","0","9"],["55.45","64.469498","0","10"],["55.44","141.166487","0","9"],["55.43","161.659782","0","12"]],"instId":"LTC-USDT","ts":"1722886125100","seqId":7298659966}]}
{"arg":{"channel":"books5","instId":"LTC-USDT"},"data":[{"asks":[["55.48","1.072959","0","1"],["55.49","40.271309","0","2"],["55.5","93.355087","0","9"],["55.51","55.389995","0","5"],["55.52","120.112218","0","10"]],"bids":[["55.47","45.451249","0","7"],["55.46","56.179671","0","9"],["55.45","64.469498","0","10"],["55.44","141.166487","0","9"],["55.43","161.659782","0","12"]],"instId":"LTC-USDT","ts":"1722886125200","seqId":7298659969}]}
{"arg":{"channel":"books5","instId":"LTC-USDT"},"data":[{"asks":[["55.48","1.072959","0","1"],["55.49","40.271309","0","2"],["55.5","40.913794","0","8"],["55.51","55.389995","0","5"],["55.52","75.760638","0","10"]],"bids":[["55.47","50.44204","0","8"],["55.46","56.179671","0","9"],["55.45","64.469498","0","10"],["55.44","141.166487","0","9"],["55.43","161.659782","0","12"]],"instId":"LTC-USDT","ts":"1722886125500","seqId":7298659982}]}
