{"event":"subscribe","arg":{"channel":"books5","instId":"LTC-BTC"},"connId":"cdfa845b"}
{"arg":{"channel":"books5","instId":"LTC-BTC"},"data":[{"asks":[["0.001042","26.4812","0","2"],["0.001043","103.018301","0","8"],["0.001044","49.239315","0","6"],["0.001045","168.487466","0","6"],["0.001047","1.4812","0","1"]],"bids":[["0.001041","85.952161","0","9"],["0.00104","70.503505","0","7"],["0.001039","109.942565","0","5"],["0.001038","1.4812","0","1"],["0.001037","26.963004","0","3"]],"instId":"LTC-BTC","ts":"1722885501907","seqId":596127002}]}
{"arg":{"channel":"books5","instId":"LTC-BTC"},"data":[{"asks":[["0.001042","26.4812","0","2"],["0.001043","115.138539","0","9"],["0.001044","37.119077","0","5"],["0.001045","168.487466","0","6"],["0.001047","1.4812","0","1"]],"bids":[["0.001041","52.862419","0","8"],["0.00104","103.593247","0","8"],["0.001039","109.942565","0","5"],["0.001038","1.4812","0","1"],["0.001037","26.963004","0","3"]],"instId":"LTC-BTC","ts":"1722885502107","seqId":596127006}]}
{"arg":{"channel":"books5","instId":"LTC-BTC"},"data":[{"asks":[["0.001042","29.924719","0","4"],["0.001043","113.17622","0","8"],["0.001044","37.119077","0","5"],["0.001045","168.487466","0","6"],["0.001047","1.4812","0","1"]],"bids":[["0.001041","52.862419","0","8"],["0.00104","103.593247","0","8"],["0.001039","143.179683","0","6"],["0.001038","1.4812","0","1"],["0.001037","26.963004","0","3"]],"instId":"LTC-BTC","ts":"1722885502307","seqId":596127010}]}
{"arg":{"channel":"books5","instId":"LTC-BTC"},"data":[{"asks":[["0.001042","63.014461","0","5"],["0.001043","89.426227","0","8"],["0.001044","27.779328","0","4"],["0.001045","168.487466","0","6"],["0.001047","1.4812","0","1"]],"bids":[["0.001041","28.858579","0","7"],["0.00104","103.593247","0","8"],["0.001039","143.179683","0","6"],["0.001038","1.4812","0","1"],["0.001037","26.963004","0","3"]],"instId":"LTC-BTC","ts":"1722885502407","seqId":596127015}]}
{"arg":{"channel":"books5","instId":"LTC-BTC"},"data":[{"asks":[["0.001042","63.014461","0","5"],["0.001043","89.426227","0","8"],["0.001044","27.779328","0","4"],["0.001045","98.487466","0","5"],["0.001047","1.4812","0","1"]],"bids":[["0.001041","28.858579","0","7"],["0.00104","95.98398","0","7"],["0.001039","117.551832","0","6"],["0.001038","1.4812","0","1"],["0.001037","26.963004","0","3"]],"instId":"LTC-BTC","ts":"1722885502507","seqId":596127019}]}
{"arg":{"channel":"books5","instId":"LTC-BTC"},"data":[{"asks":[["0.001042","63.014461","0","5"],["0.001043","89.426227","0","8"],["0.001044","97.779328","0","5"],["0.001045","98.487466","0","5"],["0.001047","1.4812","0","1"]],"bids":[["0.001041","28.858579","0","7"],["0.00104","92.98398","0","6"],["0.001039","117.551832","0","6"],["0.001038","1.4812","0","1"],["0.001037","26.963004","0","3"]],"instId":"LTC-BTC","ts":"1722885502607","seqId":596127025}]}
{"arg":{"channel":"books5","instId":"LTC-BTC"},"data":[{"asks":[["0.001042","63.014461","0","5"],["0.001043","89.426227","0","8"],["0.001044","97.779328","0","5"],["0.001045","98.487466","0","5"],["0.001047","1.4812","0","1"]],"bids":[["0.001041","18.471003","0","6"],["0.00104","57.638357","0","5"],["0.001039","127.47393","0","6"],["0.001038","1.4812","0","1"],["0.001037","26.963004","0","3"]],"instId":"LTC-BTC","ts":"1722885502707","seqId":596127033}]}
{"arg":{"channel":"books5","instId":"LTC-BTC"},"data":[{"asks":[["0.001042","64.014461","0","6"],["0.001043","101.338324","0","8"],["0.001044","84.867231","0","4"],["0.001045","98.487466","0","5"],["0.001047","1.4812","0","1"]],"bids":[["0.001041","18.471003","0","6"],["0.00104","57.638357","0","5"],["0.001039","127.47393","0","6"],["0.001038","1.4812","0","1"],["0.001037","26.963004","0","3"]],"instId":"LTC-BTC","ts":"1722885502807","seqId":596127049}]}
{"arg":{"channel":"books5","instId":"LTC-BTC"},"data":[{"asks":[["0.001042","75.134699","0","6"],["0.001043","89.218086","0","7"],["0.001044","84.867231","0","4"],["0.001045","98.487466","0","5"],["0.001047","1.4812","0","1"]],"bids":[["0.001041","18.471003","0","6"],["0.00104","57.638357","0","5"],["0.001039","127.47393","0","6"],["0.001038","26.904725","0","2"],["0.001037","26.963004","0","3"]],"instId":"LTC-BTC","ts":"1722885503107","seqId":596127053}]}
{"arg":{"channel":"books5","instId":"LTC-BTC"},"data":[{"asks":[["0.001042","75.134699","0","6"],["0.001043","100.005346","0","8"],["0.001044","84.867231","0","4"],["0.001045","98.487466","0","5"],["0.001047","1.4812","0","1"]],"bids":[["0.001041","18.471003","0","6"],["0.00104","57.638357","0","5"],["0.001039","127.47393","0","6"],["0.001038","26.904725","0","2"],["0.001037","26.963004","0","3"]],"instId":"LTC-BTC","ts":"1722885503807","seqId":596127054}]}
{"arg":{"channel":"books5","instId":"LTC-BTC"},"data":[{"asks":[["0.001042","75.134699","0","6"],["0.001043","100.005346","0","8"],["0.001044","84.867231","0","4"],["0.001045","98.487466","0","5"],["0.001047","1.4812","0","1"]],"bids":[["0.001041","18.471003","0","6"],["0.00104","24.548615","0","4"],["0.001039","127.47393","0","6"],["0.001038","26.904725","0","2"],["0.001037","26.963004","0","3"]],"instId":"LTC-BTC","ts":"1722885504307","seqId":596127057}]}
{"arg":{"channel":"books5","instId":"LTC-BTC"},"data":[{"asks":[["0.001042","50.134699","0","5"],["0.001043","100.005346","0","8"],["0.001044","84.867231","0","4"],["0.001045","98.487466","0","5"],["0.001047","1.4812","0","1"]],"bids":[["0.001041","18.471003","0","6"],["0.00104","57.638357","0","5"],["0.001039","127.47393","0","6"],["0.001038","51.904725","0","3"],["0.001037","26.963004","0","3"]],"instId":"LTC-BTC","ts":"1722885504407","seqId":596127060}]}
{"arg":{"channel":"books5","instId":"LTC-BTC"},"data":[{"asks":[["0.001042","50.134699","0","5"],["0.001043","100.005346","0","8"],["0.001044","84.867231","0","4"],["0.001045","98.487466","0","5"],["0.001047","1.4812","0","1"]],"bids":[["0.001041","18.471003","0","6"],["0.00104","57.638357","0","5"],["0.001039","127.47393","0","6"],["0.001038","26.904725","0","2"],["0.001037","26.963004","0","3"]],"instId":"LTC-BTC","ts":"1722885504507","seqId":596127061}]}
{"arg":{"channel":"books5","instId":"LTC-BTC"},"data":[{"asks":[["0.001042","50.134699","0","5"],["0.001043","100.005346","0","8"],["0.001044","120.212854","0","5"],["0.001045","63.141843","0","4"],["0.001047","1.4812","0","1"]],"bids":[["0.001041","18.471003","0","6"],["0.00104","57.638357","0","5"],["0.001039","127.47393","0","6"],["0.001038","26.904725","0","2"],["0.001037","26.963004","0","3"]],"instId":"LTC-BTC","ts":"1722885504607","seqId":596127063}]}
{"arg":{"channel":"books5","instId":"LTC-BTC"},"data":[{"asks":[["0.001042","48.17238","0","4"],["0.001043","101.967665","0","9"],["0.001044","120.212854","0","5"],["0.001045","63.141843","0","4"],["0.001047","1.4812","0","1"]],"bids":[["0.001041","18.471003","0","6"],["0.00104","57.638357","0","5"],["0.001039","127.47393","0","6"],["0.001038","26.904725","0","2"],["0.001037","26.963004","0","3"]],"instId":"LTC-BTC","ts":"1722885505407","seqId":596127065}]}
{"arg":{"channel":"books5","instId":"LTC-BTC"},"data":[{"asks":[["0.001042","2.9624","0","2"],["0.001043","147.177645","0","11"],["0.001044","120.212854","0","5"],["0.001045","63.141843","0","4"],["0.001047","1.4812","0","1"]],"bids":[["0.001041","20.433322","0","7"],["0.00104","55.676038","0","4"],["0.001039","127.47393","0","6"],["0.001038","26.904725","0","2"],["0.001037","26.963004","0","3"]],"instId":"LTC-BTC","ts":"1722885505607","seqId":596127073}]}
{"arg":{"channel":"books5","instId":"LTC-BTC"},"data":[{"asks":[["0.001042","2.9624","0","2"],["0.001043","147.177645","0","11"],["0.001044","120.212854","0","5"],["0.001045","63.141843","0","4"],["0.001047","1.4812","0","1"]],"bids":[["0.001041","20.433322","0","7"],["0.00104","55.676038","0","4"],["0.001039","127.47393","0","6"],["0.001038","51.904725","0","3"],["0.001037","26.963004","0","3"]],"instId":"LTC-BTC","ts":"1722885506007","seqId":596127076}]}
{"arg":{"channel":"books5","instId":"LTC-BTC"},"data":[{"asks":[["0.001042","2.9624","0","2"],["0.001043","147.177645","0","11"],["0.001044","120.212854","0","5"],["0.001045","63.141843","0","4"],["0.001047","1.4812","0","1"]],"bids":[["0.001041","18.471003","0","6"],["0.00104","57.638357","0","5"],["0.001039","127.47393","0","6"],["0.001038","51.904725","0","3"],["0.001037","26.963004","0","3"]],"instId":"LTC-BTC","ts":"1722885506307","seqId":596127080}]}
{"arg":{"channel":"books5","instId":"LTC-BTC"},"data":[{"asks":[["0.001042","2.9624","0","2"],["0.001043","147.177645","0","11"],["0.001044","120.212854","0","5"],["0.001045","63.141843","0","4"],["0.001047","1.4812","0","1"]],"bids":[["0.001041","51.560745","0","7"],["0.00104","24.548615","0","4"],["0.001039","127.47393","0","6"],["0.001038","51.904725","0","3"],["0.001037","26.963004","0","3"]],"instId":"LTC-BTC","ts":"1722885506607","seqId":596127082}]}
{"arg":{"channel":"books5","instId":"LTC-BTC"},"data":[{"asks":[["0.001042","2.9624","0","2"],["0.001043","147.177645","0","11"],["0.001044","120.212854","0","5"],["0.001045","63.141843","0","4"],["0.001047","1.4812","0","1"]],"bids":[["0.001041","42.474843","0","7"],["0.00104","57.638357","0","5"],["0.001039","127.47393","0","6"],["0.001038","51.904725","0","3"],["0.001037","26.963004","0","3"]],"instId":"LTC-BTC","ts":"1722885506807","seqId":596127085}]}
{"arg":{"channel":"books5","instId":"LTC-BTC"},"data":[{"asks":[["0.001042","2.9624","0","2"],["0.001043","147.177645","0","11"],["0.001044","120.212854","0","5"],["0.001045","63.141843","0","4"],["0.001047","1.4812","0","1"]],"bids":[["0.001041","75.564585","0","8"],["0.00104","24.548615","0","4"],["0.001039","127.47393","0","6"],["0.001038","51.904725","0","3"],["0.001037","26.963004","0","3"]],"instId":"LTC-BTC","ts":"1722885507007","seqId":596127087}]}
{"arg":{"channel":"books5","instId":"LTC-BTC"},"data":[{"asks":[["0.001042","1.4812","0","1"],["0.001043","148.177645","0","12"],["0.001044","120.212854","0","5"],["0.001045","63.141843","0","4"],["0.001047","1.4812","0","1"]],"bids":[["0.001041","75.564585","0","8"],["0.00104","24.548615","0","4"],["0.001039","127.47393","0","6"],["0.001038","51.904725","0","3"],["0.001037","26.963004","0","3"]],"instId":"LTC-BTC","ts":"1722885507407","seqId":596127089}]}
{"arg":{"channel":"books5","instId":"LTC-BTC"},"data":[{"asks":[["0.001042","1.4812","0","1"],["0.001043","135.265548","0","11"],["0.001044","133.124951","0","6"],["0.001045","63.141843","0","4"],["0.001047","1.4812","0","1"]],"bids":[["0.001041","75.564585","0","8"],["0.00104","24.548615","0","4"],["0.001039","127.47393","0","6"],["0.001038","51.904725","0","3"],["0.001037","26.963004","0","3"]],"instId":"LTC-BTC","ts":"1722885507507","seqId":596127091}]}
{"arg":{"channel":"books5","instId":"LTC-BTC"},"data":[{"asks":[["0.001042","1.4812","0","1"],["0.001043","135.265548","0","11"],["0.001044","133.124951","0","6"],["0.001045","63.141843","0","4"],["0.001047","1.4812","0","1"]],"bids":[["0.001041","51.560745","0","7"],["0.00104","24.548615","0","4"],["0.001039","127.47393","0","6"],["0.001038","51.904725","0","3"],["0.001037","26.963004","0","3"]],"instId":"LTC-BTC","ts":"1722885508007","seqId":596127092}]}
{"arg":{"channel":"books5","instId":"LTC-BTC"},"data":[{"asks":[["0.001042","1.4812","0","1"],["0.001043","135.265548","0","11"],["0.001044","133.124951","0","6"],["0.001045","63.141843","0","4"],["0.001047","1.4812","0","1"]],"bids":[["0.001041","75.564585","0","8"],["0.00104","24.548615","0","4"],["0.001039","127.47393","0","6"],["0.001038","51.904725","0","3"],["0.001037","26.963004","0","3"]],"instId":"LTC-BTC","ts":"1722885508107","seqId":596127093}]}
{"arg":{"channel":"books5","instId":"LTC-BTC"},"data":[{"asks":[["0.001042","1.4812","0","1"],["0.001043","135.265548","0","11"],["0.001044","133.124951","0","6"],["0.001045","63.141843","0","4"],["0.001047","1.4812","0","1"]],"bids":[["0.001041","18.471003","0","6"],["0.00104","57.638357","0","5"],["0.001039","127.47393","0","6"],["0.001038","51.904725","0","3"],["0.001037","26.963004","0","3"]],"instId":"LTC-BTC","ts":"1722885508207","seqId":596127096}]}
{"arg":{"channel":"books5","instId":"LTC-BTC"},"data":[{"asks":[["0.001042","1.4812","0","1"],["0.001043","135.265548","0","11"],["0.001044","133.124951","0","6"],["0.001045","63.141843","0","4"],["0.001047","1.4812","0","1"]],"bids":[["0.001041","42.474843","0","7"],["0.00104","57.638357","0","5"],["0.001039","127.47393","0","6"],["0.001038","51.904725","0","3"],["0.001037","26.963004","0","3"]],"instId":"LTC-BTC","ts":"1722885508507","seqId":596127097}]}
{"arg":{"channel":"books5","instId":"LTC-BTC"},"data":[{"asks":[["0.001042","1.4812","0","1"],["0.001043","135.265548","0","11"],["0.001044","133.124951","0","6"],["0.001045","63.141843","0","4"],["0.001047","1.4812","0","1"]],"bids":[["0.001041","18.471003","0","6"],["0.00104","57.638357","0","5"],["0.001039","127.47393","0","6"],["0.001038","51.904725","0","3"],["0.001037","26.963004","0","3"]],"instId":"LTC-BTC","ts":"1722885508607","seqId":596127098}]}
{"arg":{"channel":"books5","instId":"LTC-BTC"},"data":[{"asks":[["0.001042","1.4812","0","1"],["0.001043","135.265548","0","11"],["0.001044","133.124951","0","6"],["0.001045","63.141843","0","4"],["0.001047","1.4812","0","1"]],"bids":[["0.001041","42.459933","0","7"],["0.00104","57.638357","0","5"],["0.001039","127.47393","0","6"],["0.001038","51.904725","0","3"],["0.001037","26.963004","0","3"]],"instId":"LTC-BTC","ts":"1722885508707","seqId":596127100}]}
{"arg":{"channel":"books5","instId":"LTC-BTC"},"data":[{"asks":[["0.001042","1.4812","0","1"],["0.001043","135.265548","0","11"],["0.001044","133.124951","0","6"],["0.001045","63.141843","0","4"],["0.001047","1.4812","0","1"]],"bids":[["0.001041","18.456093","0","6"],["0.00104","57.638357","0","5"],["0.001039","127.47393","0","6"],["0.001038","51.904725","0","3"],["0.001037","26.963004","0","3"]],"instId":"LTC-BTC","ts":"1722885509107","seqId":596127101}]}
{"arg":{"channel":"books5","instId":"LTC-BTC"},"data":[{"asks":[["0.001042","1.4812","0","1"],["0.001043","135.265548","0","11"],["0.001044","133.124951","0","6"],["0.001045","63.141843","0","4"],["0.001047","1.4812","0","1"]],"bids":[["0.001041","51.545835","0","7"],["0.00104","24.548615","0","4"],["0.001039","127.47393","0","6"],["0.001038","51.904725","0","3"],["0.001037","26.963004","0","3"]],"instId":"LTC-BTC","ts":"1722885509207","seqId":596127103}]}
{"arg":{"channel":"books5","instId":"LTC-BTC"},"data":[{"asks":[["0.001042","1.4812","0","1"],["0.001043","135.265548","0","11"],["0.001044","133.124951","0","6"],["0.001045","63.141843","0","4"],["0.001047","1.4812","0","1"]],"bids":[["0.001041","53.508154","0","8"],["0.00104","30.195563","0","4"],["0.001039","119.864663","0","5"],["0.001038","51.904725","0","3"],["0.001037","26.963004","0","3"]],"instId":"LTC-BTC","ts":"1722885509307","seqId":596127107}]}
{"arg":{"channel":"books5","instId":"LTC-BTC"},"data":[{"asks":[["0.001043","135.265548","0","11"],["0.001044","133.124951","0","6"],["0.001045","63.141843","0","4"],["0.001047","1.4812","0","1"],["0.001048","2.201748","0","4"]],"bids":[["0.001041","53.508154","0","8"],["0.00104","30.195563","0","4"],["0.001039","119.864663","0","5"],["0.001038","51.904725","0","3"],["0.001037","26.963004","0","3"]],"instId":"LTC-BTC","ts":"1722885509407","seqId":596127108}]}
{"arg":{"channel":"books5","instId":"LTC-BTC"},"data":[{"asks":[["0.001043","135.265548","0","11"],["0.001044","133.124951","0","6"],["0.001045","63.141843","0","4"],["0.001047","1.4812","0","1"],["0.001048","2.201748","0","4"]],"bids":[["0.001041","77.511994","0","9"],["0.00104","30.195563","0","4"],["0.001039","145.288188","0","6"],["0.001038","26.4812","0","2"],["0.001037","26.963004","0","3"]],"instId":"LTC-BTC","ts":"1722885509507","seqId":596127113}]}
{"arg":{"channel":"books5","instId":"LTC-BTC"},"data":[{"asks":[["0.001042","2.9624","0","2"],["0.001043","135.265548","0","11"],["0.001044","133.124951","0","6"],["0.001045","63.141843","0","4"],["0.001047","1.4812","0","1"]],"bids":[["0.001041","77.511994","0","9"],["0.00104","30.195563","0","4"],["0.001039","145.288188","0","6"],["0.001038","26.4812","0","2"],["0.001037","26.963004","0","3"]],"instId":"LTC-BTC","ts":"1722885509707","seqId":596127117}]}
{"arg":{"channel":"books5","instId":"LTC-BTC"},"data":[{"asks":[["0.001042","1.4812","0","1"],["0.001043","120.265548","0","10"],["0.001044","133.124951","0","6"],["0.001045","63.141843","0","4"],["0.001047","1.4812","0","1"]],"bids":[["0.001041","38.508154","0","6"],["0.00104","30.195563","0","4"],["0.001039","145.288188","0","6"],["0.001038","26.4812","0","2"],["0.001037","26.963004","0","3"]],"instId":"LTC-BTC","ts":"1722885509807","seqId":596127124}]}
{"arg":{"channel":"books5","instId":"LTC-BTC"},"data":[{"asks":[["0.001042","2.9624","0","2"],["0.001043","120.265548","0","10"],["0.001044","133.124951","0","6"],["0.001045","63.141843","0","4"],["0.001047","1.4812","0","1"]],"bids":[["0.001041","62.511994","0","7"],["0.00104","30.195563","0","4"],["0.001039","145.288188","0","6"],["0.001038","26.4812","0","2"],["0.001037","26.963004","0","3"]],"instId":"LTC-BTC","ts":"1722885509907","seqId":596127126}]}
{"arg":{"channel":"books5","instId":"LTC-BTC"},"data":[{"asks":[["0.001042","17.9624","0","3"],["0.001043","120.265548","0","10"],["0.001044","97.779328","0","5"],["0.001045","63.141843","0","4"],["0.001047","1.4812","0","1"]],"bids":[["0.001041","62.511994","0","7"],["0.00104","45.195563","0","5"],["0.001039","145.288188","0","6"],["0.001038","26.4812","0","2"],["0.001037","26.963004","0","3"]],"instId":"LTC-BTC","ts":"1722885510107","seqId":596127129}]}
{"arg":{"channel":"books5","instId":"LTC-BTC"},"data":[{"asks":[["0.001042","17.9624","0","3"],["0.001043","120.265548","0","10"],["0.001044","133.124951","0","6"],["0.001045","63.141843","0","4"],["0.001047","1.4812","0","1"]],"bids":[["0.001041","29.422252","0","6"],["0.00104","78.285305","0","6"],["0.001039","145.288188","0","6"],["0.001038","26.4812","0","2"],["0.001037","26.963004","0","3"]],"instId":"LTC-BTC","ts":"1722885510207","seqId":596127132}]}
{"arg":{"channel":"books5","instId":"LTC-BTC"},"data":[{"asks":[["0.001042","17.9624","0","3"],["0.001043","120.265548","0","10"],["0.001044","133.124951","0","6"],["0.001045","63.141843","0","4"],["0.001047","1.4812","0","1"]],"bids":[["0.001041","5.418412","0","5"],["0.00104","78.285305","0","6"],["0.001039","145.288188","0","6"],["0.001038","26.4812","0","2"],["0.001037","26.963004","0","3"]],"instId":"LTC-BTC","ts":"1722885510307","seqId":596127133}]}
{"arg":{"channel":"books5","instId":"LTC-BTC"},"data":[{"asks":[["0.001042","17.9624","0","3"],["0.001043","120.265548","0","10"],["0.001044","133.124951","0","6"],["0.001045","63.141843","0","4"],["0.001047","1.4812","0","1"]],"bids":[["0.001041","29.422252","0","6"],["0.00104","78.285305","0","6"],["0.001039","145.288188","0","6"],["0.001038","26.4812","0","2"],["0.001037","26.963004","0","3"]],"instId":"LTC-BTC","ts":"1722885510407","seqId":596127138}]}
{"arg":{"channel":"books5","instId":"LTC-BTC"},"data":[{"asks":[["0.001042","17.9624","0","3"],["0.001043","120.265548","0","10"],["0.001044","97.779328","0","5"],["0.001045","63.141843","0","4"],["0.001047","1.4812","0","1"]],"bids":[["0.001041","62.511994","0","7"],["0.00104","45.195563","0","5"],["0.001039","145.288188","0","6"],["0.001038","26.4812","0","2"],["0.001037","26.963004","0","3"]],"instId":"LTC-BTC","ts":"1722885510507","seqId":596127141}]}
{"arg":{"channel":"books5","instId":"LTC-BTC"},"data":[{"asks":[["0.001042","17.9624","0","3"],["0.001043","120.265548","0","10"],["0.001044","133.124951","0","6"],["0.001045","63.141843","0","4"],["0.001047","1.4812","0","1"]],"bids":[["0.001041","62.511994","0","7"],["0.00104","45.195563","0","5"],["0.001039","145.288188","0","6"],["0.001038","26.4812","0","2"],["0.001037","26.963004","0","3"]],"instId":"LTC-BTC","ts":"1722885510607","seqId":596127148}]}
{"arg":{"channel":"books5","instId":"LTC-BTC"},"data":[{"asks":[["0.001042","17.9624","0","3"],["0.001043","120.265548","0","10"],["0.001044","133.124951","0","6"],["0.001045","63.141843","0","4"],["0.001047","1.4812","0","1"]],"bids":[["0.001041","67.511994","0","8"],["0.00104","45.195563","0","5"],["0.001039","145.288188","0","6"],["0.001038","26.4812","0","2"],["0.001037","26.963004","0","3"]],"instId":"LTC-BTC","ts":"1722885510707","seqId":596127152}]}
{"arg":{"channel":"books5","instId":"LTC-BTC"},"data":[{"asks":[["0.001042","17.9624","0","3"],["0.001043","120.265548","0","10"],["0.001044","133.124951","0","6"],["0.001045","63.141843","0","4"],["0.001047","1.4812","0","1"]],"bids":[["0.001041","34.422252","0","7"],["0.00104","78.285305","0","6"],["0.001039","145.288188","0","6"],["0.001038","26.4812","0","2"],["0.001037","26.963004","0","3"]],"instId":"LTC-BTC","ts":"1722885510807","seqId":596127154}]}
{"arg":{"channel":"books5","instId":"LTC-BTC"},"data":[{"asks":[["0.001042","17.9624","0","3"],["0.001043","120.265548","0","10"],["0.001044","133.124951","0","6"],["0.001045","63.141843","0","4"],["0.001047","1.4812","0","1"]],"bids":[["0.001041","67.511994","0","8"],["0.00104","45.195563","0","5"],["0.001039","145.288188","0","6"],["0.001038","26.4812","0","2"],["0.001037","26.963004","0","3"]],"instId":"LTC-BTC","ts":"1722885510907","seqId":596127156}]}
{"arg":{"channel":"books5","instId":"LTC-BTC"},"data":[{"asks":[["0.001042","17.9624","0","3"],["0.001043","120.265548","0","10"],["0.001044","133.124951","0","6"],["0.001045","63.141843","0","4"],["0.001047","1.4812","0","1"]],"bids":[["0.001041","67.511994","0","8"],["0.00104","45.195563","0","5"],["0.001039","178.525306","0","7"],["0.001038","26.4812","0","2"],["0.001037","26.963004","0","3"]],"instId":"LTC-BTC","ts":"1722885511107","seqId":596127159}]}
{"arg":{"channel":"books5","instId":"LTC-BTC"},"data":[{"asks":[["0.001042","17.9624","0","3"],["0.001043","120.265548","0","10"],["0.001044","133.124951","0","6"],["0.001045","63.141843","0","4"],["0.001047","1.4812","0","1"]],"bids":[["0.001041","67.511994","0","8"],["0.00104","45.195563","0","5"],["0.001039","145.288188","0","6"],["0.001038","26.4812","0","2"],["0.001037","26.963004","0","3"]],"instId":"LTC-BTC","ts":"1722885511207","seqId":596127160}]}
{"arg":{"channel":"books5","instId":"LTC-BTC"},"data":[{"asks":[["0.001042","15","0","1"],["0.001043","120.265548","0","10"],["0.001044","133.124951","0","6"],["0.001045","63.141843","0","4"],["0.001047","1.4812","0","1"]],"bids":[["0.001041","67.511994","0","8"],["0.00104","45.195563","0","5"],["0.001039","145.288188","0","6"],["0.001038","26.4812","0","2"],["0.001037","26.963004","0","3"]],"instId":"LTC-BTC","ts":"1722885511807","seqId":596127170}]}
{"arg":{"channel":"books5","instId":"LTC-BTC"},"data":[{"asks":[["0.001042","16.4812","0","2"],["0.001043","120.265548","0","10"],["0.001044","133.124951","0","6"],["0.001045","63.141843","0","4"],["0.001047","1.4812","0","1"]],"bids":[["0.001041","65.549675","0","7"],["0.00104","89.145743","0","7"],["0.001039","137.212667","0","6"],["0.001038","26.4812","0","2"],["0.001037","26.963004","0","3"]],"instId":"LTC-BTC","ts":"1722885512007","seqId":596127180}]}
{"arg":{"channel":"books5","instId":"LTC-BTC"},"data":[{"asks":[["0.001042","16.4812","0","2"],["0.001043","120.265548","0","10"],["0.001044","133.124951","0","6"],["0.001045","63.141843","0","4"],["0.001047","1.4812","0","1"]],"bids":[["0.001041","65.549675","0","7"],["0.00104","47.157882","0","6"],["0.001039","145.96341","0","6"],["0.001038","26.4812","0","2"],["0.001037","26.963004","0","3"]],"instId":"LTC-BTC","ts":"1722885512107","seqId":596127185}]}
{"arg":{"channel":"books5","instId":"LTC-BTC"},"data":[{"asks":[["0.001042","16.4812","0","2"],["0.001043","120.265548","0","10"],["0.001044","133.124951","0","6"],["0.001045","63.141843","0","4"],["0.001047","1.4812","0","1"]],"bids":[["0.001041","65.549675","0","7"],["0.00104","45.195563","0","5"],["0.001039","145.96341","0","6"],["0.001038","28.443519","0","3"],["0.001037","26.963004","0","3"]],"instId":"LTC-BTC","ts":"1722885512307","seqId":596127189}]}
{"arg":{"channel":"books5","instId":"LTC-BTC"},"data":[{"asks":[["0.001042","16.4812","0","2"],["0.001043","120.265548","0","10"],["0.001044","133.124951","0","6"],["0.001045","63.141843","0","4"],["0.001047","1.4812","0","1"]],"bids":[["0.001041","65.549675","0","7"],["0.00104","47.157882","0","6"],["0.001039","145.96341","0","6"],["0.001038","26.4812","0","2"],["0.001037","26.963004","0","3"]],"instId":"LTC-BTC","ts":"1722885512707","seqId":596127191}]}
{"arg":{"channel":"books5","instId":"LTC-BTC"},"data":[{"asks":[["0.001042","16.4812","0","2"],["0.001043","120.265548","0","10"],["0.001044","133.124951","0","6"],["0.001045","63.141843","0","4"],["0.001047","1.4812","0","1"]],"bids":[["0.001041","67.511994","0","8"],["0.00104","45.195563","0","5"],["0.001039","145.96341","0","6"],["0.001038","26.4812","0","2"],["0.001037","26.963004","0","3"]],"instId":"LTC-BTC","ts":"1722885512807","seqId":596127193}]}
{"arg":{"channel":"books5","instId":"LTC-BTC"},"data":[{"asks":[["0.001042","16.4812","0","2"],["0.001043","120.265548","0","10"],["0.001044","133.124951","0","6"],["0.001045","63.141843","0","4"],["0.001047","1.4812","0","1"]],"bids":[["0.001041","67.511994","0","8"],["0.00104","45.195563","0","5"],["0.001039","170.96341","0","7"],["0.001038","26.4812","0","2"],["0.001037","1.963004","0","2"]],"instId":"LTC-BTC","ts":"1722885513907","seqId":596127195}]}
{"arg":{"channel":"books5","instId":"LTC-BTC"},"data":[{"asks":[["0.001042","16.4812","0","2"],["0.001043","120.265548","0","10"],["0.001044","133.124951","0","6"],["0.001045","63.141843","0","4"],["0.001047","1.4812","0","1"]],"bids":[["0.001041","67.511994","0","8"],["0.00104","45.195563","0","5"],["0.001039","145.96341","0","6"],["0.001038","26.4812","0","2"],["0.001037","1.963004","0","2"]],"instId":"LTC-BTC","ts":"1722885514007","seqId":596127196}]}
{"arg":{"channel":"books5","instId":"LTC-BTC"},"data":[{"asks":[["0.001042","15","0","1"],["0.001043","120.265548","0","10"],["0.001044","133.124951","0","6"],["0.001045","63.141843","0","4"],["0.001047","1.4812","0","1"]],"bids":[["0.001041","67.511994","0","8"],["0.00104","45.195563","0","5"],["0.001039","145.96341","0","6"],["0.001038","26.4812","0","2"],["0.001037","1.963004","0","2"]],"instId":"LTC-BTC","ts":"1722885515507","seqId":596127199}]}
{"arg":{"channel":"books5","instId":"LTC-BTC"},"data":[{"asks":[["0.001042","15","0","1"],["0.001043","120.265548","0","10"],["0.001044","133.124951","0","6"],["0.001045","63.141843","0","4"],["0.001047","1.4812","0","1"]],"bids":[["0.001041","68.511994","0","9"],["0.00104","45.195563","0","5"],["0.001039","145.96341","0","6"],["0.001038","26.4812","0","2"],["0.001037","1.963004","0","2"]],"instId":"LTC-BTC","ts":"1722885515607","seqId":596127200}]}
{"arg":{"channel":"books5","instId":"LTC-BTC"},"data":[{"asks":[["0.001042","15","0","1"],["0.001043","120.265548","0","10"],["0.001044","133.124951","0","6"],["0.001045","63.141843","0","4"],["0.001047","1.4812","0","1"]],"bids":[["0.001041","68.500105","0","8"],["0.00104","51.218376","0","6"],["0.001039","145.96341","0","6"],["0.001038","26.4812","0","2"],["0.001037","1.963004","0","2"]],"instId":"LTC-BTC","ts":"1722885516007","seqId":596127204}]}
{"arg":{"channel":"books5","instId":"LTC-BTC"},"data":[{"asks":[["0.001042","16.4812","0","2"],["0.001043","120.265548","0","10"],["0.001044","133.124951","0","6"],["0.001045","63.141843","0","4"],["0.001047","1.4812","0","1"]],"bids":[["0.001041","67.500105","0","7"],["0.00104","51.218376","0","6"],["0.001039","145.96341","0","6"],["0.001038","26.4812","0","2"],["0.001037","1.963004","0","2"]],"instId":"LTC-BTC","ts":"1722885517007","seqId":596127206}]}
{"arg":{"channel":"books5","instId":"LTC-BTC"},"data":[{"asks":[["0.001042","16.4812","0","2"],["0.001043","120.265548","0","10"],["0.001044","133.124951","0","6"],["0.001045","63.141843","0","4"],["0.001047","1.4812","0","1"]],"bids":[["0.001041","67.500105","0","7"],["0.00104","51.218376","0","6"],["0.001039","120.539885","0","5"],["0.001038","26.4812","0","2"],["0.001037","1.963004","0","2"]],"instId":"LTC-BTC","ts":"1722885518207","seqId":596127209}]}
{"arg":{"channel":"books5","instId":"LTC-BTC"},"data":[{"asks":[["0.001042","16.4812","0","2"],["0.001043","120.265548","0","10"],["0.001044","133.124951","0","6"],["0.001045","63.141843","0","4"],["0.001047","1.4812","0","1"]],"bids":[["0.001041","67.500105","0","7"],["0.00104","76.641901","0","7"],["0.001039","120.539885","0","5"],["0.001038","26.4812","0","2"],["0.001037","1.963004","0","2"]],"instId":"LTC-BTC","ts":"1722885518607","seqId":596127212}]}
{"arg":{"channel":"books5","instId":"LTC-BTC"},"data":[{"asks":[["0.001042","16.4812","0","2"],["0.001043","120.265548","0","10"],["0.001044","133.124951","0","6"],["0.001045","63.141843","0","4"],["0.001047","1.4812","0","1"]],"bids":[["0.001041","34.410363","0","6"],["0.00104","51.218376","0","6"],["0.001039","120.539885","0","5"],["0.001038","26.4812","0","2"],["0.001037","1.963004","0","2"]],"instId":"LTC-BTC","ts":"1722885518707","seqId":596127218}]}
{"arg":{"channel":"books5","instId":"LTC-BTC"},"data":[{"asks":[["0.001042","16.4812","0","2"],["0.001043","120.265548","0","10"],["0.001044","133.124951","0","6"],["0.001045","63.141843","0","4"],["0.001047","1.4812","0","1"]],"bids":[["0.001041","67.500105","0","7"],["0.00104","51.218376","0","6"],["0.001039","120.539885","0","5"],["0.001038","26.4812","0","2"],["0.001037","1.963004","0","2"]],"instId":"LTC-BTC","ts":"1722885518807","seqId":596127219}]}
{"arg":{"channel":"books5","instId":"LTC-BTC"},"data":[{"asks":[["0.001042","16.4812","0","2"],["0.001043","120.265548","0","10"],["0.001044","133.124951","0","6"],["0.001045","63.141843","0","4"],["0.001047","1.4812","0","1"]],"bids":[["0.001041","67.500105","0","7"],["0.00104","51.218376","0","6"],["0.001039","145.539885","0","6"],["0.001038","26.4812","0","2"],["0.001037","1.963004","0","2"]],"instId":"LTC-BTC","ts":"1722885518907","seqId":596127222}]}
{"arg":{"channel":"books5","instId":"LTC-BTC"},"data":[{"asks":[["0.001042","16.4812","0","2"],["0.001043","120.265548","0","10"],["0.001044","63.124951","0","5"],["0.001045","63.141843","0","4"],["0.001047","1.4812","0","1"]],"bids":[["0.001041","68.500105","0","8"],["0.00104","51.218376","0","6"],["0.001039","145.539885","0","6"],["0.001038","26.4812","0","2"],["0.001037","1.963004","0","2"]],"instId":"LTC-BTC","ts":"1722885519007","seqId":596127224}]}
{"arg":{"channel":"books5","instId":"LTC-BTC"},"data":[{"asks":[["0.001042","16.4812","0","2"],["0.001043","120.265548","0","10"],["0.001044","63.124951","0","5"],["0.001045","133.141843","0","5"],["0.001047","1.4812","0","1"]],"bids":[["0.001041","68.524886","0","9"],["0.00104","70.619088","0","6"],["0.001039","145.539885","0","6"],["0.001038","26.4812","0","2"],["0.001037","1.963004","0","2"]],"instId":"LTC-BTC","ts":"1722885519107","seqId":596127228}]}
{"arg":{"channel":"books5","instId":"LTC-BTC"},"data":[{"asks":[["0.001042","15","0","1"],["0.001043","120.265548","0","10"],["0.001044","63.124951","0","5"],["0.001045","133.141843","0","5"],["0.001047","1.4812","0","1"]],"bids":[["0.001041","68.524886","0","9"],["0.00104","70.619088","0","6"],["0.001039","145.539885","0","6"],["0.001038","26.4812","0","2"],["0.001037","1.963004","0","2"]],"instId":"LTC-BTC","ts":"1722885519207","seqId":596127229}]}
{"arg":{"channel":"books5","instId":"LTC-BTC"},"data":[{"asks":[["0.001042","15","0","1"],["0.001043","96.261708","0","9"],["0.001044","63.124951","0","5"],["0.001045","133.141843","0","5"],["0.001047","1.4812","0","1"]],"bids":[["0.001041","68.524886","0","9"],["0.00104","70.619088","0","6"],["0.001039","75.539885","0","5"],["0.001038","26.4812","0","2"],["0.001037","1.963004","0","2"]],"instId":"LTC-BTC","ts":"1722885519407","seqId":596127233}]}
{"arg":{"channel":"books5","instId":"LTC-BTC"},"data":[{"asks":[["0.001042","10.4427","0","1"],["0.001043","96.261708","0","9"],["0.001044","63.124951","0","5"],["0.001045","133.141843","0","5"],["0.001047","1.4812","0","1"]],"bids":[["0.001041","79.984448","0","10"],["0.00104","140.680499","0","7"],["0.001039","64.826823","0","4"],["0.001038","26.4812","0","2"],["0.001037","1.963004","0","2"]],"instId":"LTC-BTC","ts":"1722885519507","seqId":596127240}]}
{"arg":{"channel":"books5","instId":"LTC-BTC"},"data":[{"asks":[["0.001042","10.4427","0","1"],["0.001043","86.921959","0","8"],["0.001044","72.4647","0","6"],["0.001045","133.141843","0","5"],["0.001047","1.4812","0","1"]],"bids":[["0.001041","79.984448","0","10"],["0.00104","140.680499","0","7"],["0.001039","64.826823","0","4"],["0.001038","26.4812","0","2"],["0.001037","1.963004","0","2"]],"instId":"LTC-BTC","ts":"1722885519607","seqId":596127242}]}
{"arg":{"channel":"books5","instId":"LTC-BTC"},"data":[{"asks":[["0.001042","10.4427","0","1"],["0.001043","86.921959","0","8"],["0.001044","72.4647","0","6"],["0.001045","133.141843","0","5"],["0.001047","1.4812","0","1"]],"bids":[["0.001041","79.984448","0","10"],["0.00104","140.680499","0","7"],["0.001039","39.826823","0","3"],["0.001038","26.4812","0","2"],["0.001037","1.963004","0","2"]],"instId":"LTC-BTC","ts":"1722885519707","seqId":596127243}]}
{"arg":{"channel":"books5","instId":"LTC-BTC"},"data":[{"asks":[["0.001043","86.921959","0","8"],["0.001044","72.4647","0","6"],["0.001045","133.141843","0","5"],["0.001047","1.4812","0","1"],["0.001048","2.201748","0","4"]],"bids":[["0.001042","2.9624","0","2"],["0.001041","74.984448","0","9"],["0.00104","125.680499","0","6"],["0.001039","39.826823","0","3"],["0.001038","26.4812","0","2"]],"instId":"LTC-BTC","ts":"1722885519807","seqId":596127249}]}
{"arg":{"channel":"books5","instId":"LTC-BTC"},"data":[{"asks":[["0.001043","110.925799","0","9"],["0.001044","72.4647","0","6"],["0.001045","133.141843","0","5"],["0.001047","1.4812","0","1"],["0.001048","2.201748","0","4"]],"bids":[["0.001042","2.9624","0","2"],["0.001041","74.984448","0","9"],["0.00104","125.680499","0","6"],["0.001039","39.826823","0","3"],["0.001038","26.4812","0","2"]],"instId":"LTC-BTC","ts":"1722885520107","seqId":596127250}]}
{"arg":{"channel":"books5","instId":"LTC-BTC"},"data":[{"asks":[["0.001043","120.265548","0","10"],["0.001044","63.124951","0","5"],["0.001045","133.141843","0","5"],["0.001047","1.4812","0","1"],["0.001048","2.201748","0","4"]],"bids":[["0.001042","2.9624","0","2"],["0.001041","74.984448","0","9"],["0.00104","125.680499","0","6"],["0.001039","39.826823","0","3"],["0.001038","26.4812","0","2"]],"instId":"LTC-BTC","ts":"1722885520207","seqId":596127252}]}
{"arg":{"channel":"books5","instId":"LTC-BTC"},"data":[{"asks":[["0.001043","96.261708","0","9"],["0.001044","63.124951","0","5"],["0.001045","133.141843","0","5"],["0.001047","1.4812","0","1"],["0.001048","2.201748","0","4"]],"bids":[["0.001042","2.9624","0","2"],["0.001041","74.984448","0","9"],["0.00104","125.680499","0","6"],["0.001039","39.826823","0","3"],["0.001038","26.4812","0","2"]],"instId":"LTC-BTC","ts":"1722885520407","seqId":596127253}]}
{"arg":{"channel":"books5","instId":"LTC-BTC"},"data":[{"asks":[["0.001043","96.261708","0","9"],["0.001044","63.124951","0","5"],["0.001045","133.141843","0","5"],["0.001047","1.4812","0","1"],["0.001048","2.201748","0","4"]],"bids":[["0.001042","2.9624","0","2"],["0.001041","74.984448","0","9"],["0.00104","125.680499","0","6"],["0.001039","64.826823","0","4"],["0.001038","26.4812","0","2"]],"instId":"LTC-BTC","ts":"1722885520507","seqId":596127254}]}
{"arg":{"channel":"books5","instId":"LTC-BTC"},"data":[{"asks":[["0.001043","84.14147","0","8"],["0.001044","14.867231","0","3"],["0.001045","145.246029","0","6"],["0.001047","1.4812","0","1"],["0.001048","2.201748","0","4"]],"bids":[["0.001042","2.9624","0","2"],["0.001041","74.984448","0","9"],["0.00104","125.680499","0","6"],["0.001039","64.826823","0","4"],["0.001038","26.4812","0","2"]],"instId":"LTC-BTC","ts":"1722885520607","seqId":596127258}]}
{"arg":{"channel":"books5","instId":"LTC-BTC"},"data":[{"asks":[["0.001043","58.14147","0","6"],["0.001044","26.312247","0","4"],["0.001045","145.246029","0","6"],["0.001047","1.4812","0","1"],["0.001048","2.201748","0","4"]],"bids":[["0.001042","2.9624","0","2"],["0.001041","74.984448","0","9"],["0.00104","125.680499","0","6"],["0.001039","64.826823","0","4"],["0.001038","26.4812","0","2"]],"instId":"LTC-BTC","ts":"1722885520707","seqId":596127263}]}
{"arg":{"channel":"books5","instId":"LTC-BTC"},"data":[{"asks":[["0.001043","58.14147","0","6"],["0.001044","51.312247","0","5"],["0.001045","180.591652","0","7"],["0.001047","1.4812","0","1"],["0.001048","2.201748","0","4"]],"bids":[["0.001042","2.9624","0","2"],["0.001041","74.984448","0","9"],["0.00104","125.680499","0","6"],["0.001039","64.826823","0","4"],["0.001038","26.4812","0","2"]],"instId":"LTC-BTC","ts":"1722885520807","seqId":596127273}]}
{"arg":{"channel":"books5","instId":"LTC-BTC"},"data":[{"asks":[["0.001043","58.14147","0","6"],["0.001044","48.312247","0","4"],["0.001045","145.246029","0","6"],["0.001047","1.4812","0","1"],["0.001048","2.201748","0","4"]],"bids":[["0.001042","2.9624","0","2"],["0.001041","74.984448","0","9"],["0.00104","125.680499","0","6"],["0.001039","64.826823","0","4"],["0.001038","26.4812","0","2"]],"instId":"LTC-BTC","ts":"1722885520907","seqId":596127279}]}
{"arg":{"channel":"books5","instId":"LTC-BTC"},"data":[{"asks":[["0.001043","67.762446","0","7"],["0.001044","57.651996","0","5"],["0.001045","145.246029","0","6"],["0.001047","1.4812","0","1"],["0.001048","2.201748","0","4"]],"bids":[["0.001042","17.9624","0","3"],["0.001041","79.984448","0","10"],["0.00104","158.917617","0","7"],["0.001039","64.826823","0","4"],["0.001038","26.4812","0","2"]],"instId":"LTC-BTC","ts":"1722885521007","seqId":596127287}]}
{"arg":{"channel":"books5","instId":"LTC-BTC"},"data":[{"asks":[["0.001043","63.801721","0","6"],["0.001044","57.651996","0","5"],["0.001045","145.246029","0","6"],["0.001047","1.4812","0","1"],["0.001048","2.201748","0","4"]],"bids":[["0.001042","17.9624","0","3"],["0.001041","79.984448","0","10"],["0.00104","158.917617","0","7"],["0.001039","64.826823","0","4"],["0.001038","26.4812","0","2"]],"instId":"LTC-BTC","ts":"1722885521207","seqId":596127288}]}
{"arg":{"channel":"books5","instId":"LTC-BTC"},"data":[{"asks":[["0.001043","63.801721","0","6"],["0.001044","57.651996","0","5"],["0.001045","145.246029","0","6"],["0.001047","1.4812","0","1"],["0.001048","2.201748","0","4"]],"bids":[["0.001042","17.9624","0","3"],["0.001041","79.984448","0","10"],["0.00104","161.917617","0","8"],["0.001039","64.826823","0","4"],["0.001038","26.4812","0","2"]],"instId":"LTC-BTC","ts":"1722885521507","seqId":596127289}]}
{"arg":{"channel":"books5","instId":"LTC-BTC"},"data":[{"asks":[["0.001043","53.014461","0","5"],["0.001044","57.651996","0","5"],["0.001045","145.246029","0","6"],["0.001047","1.4812","0","1"],["0.001048","2.201748","0","4"]],"bids":[["0.001042","17.9624","0","3"],["0.001041","79.984448","0","10"],["0.00104","161.917617","0","8"],["0.001039","64.826823","0","4"],["0.001038","26.4812","0","2"]],"instId":"LTC-BTC","ts":"1722885521607","seqId":596127290}]}
{"arg":{"channel":"books5","instId":"LTC-BTC"},"data":[{"asks":[["0.001043","44.924719","0","5"],["0.001044","90.741738","0","6"],["0.001045","145.246029","0","6"],["0.001047","1.4812","0","1"],["0.001048","2.201748","0","4"]],"bids":[["0.001042","17.9624","0","3"],["0.001041","79.984448","0","10"],["0.00104","161.917617","0","8"],["0.001039","39.826823","0","3"],["0.001038","26.4812","0","2"]],"instId":"LTC-BTC","ts":"1722885521907","seqId":596127294}]}
{"arg":{"channel":"books5","instId":"LTC-BTC"},"data":[{"asks":[["0.001043","44.924719","0","5"],["0.001044","90.741738","0","6"],["0.001045","180.591652","0","7"],["0.001047","1.4812","0","1"],["0.001048","2.201748","0","4"]],"bids":[["0.001042","17.9624","0","3"],["0.001041","79.984448","0","10"],["0.00104","161.917617","0","8"],["0.001039","39.826823","0","3"],["0.001038","26.4812","0","2"]],"instId":"LTC-BTC","ts":"1722885522307","seqId":596127295}]}
{"arg":{"channel":"books5","instId":"LTC-BTC"},"data":[{"asks":[["0.001043","19.924719","0","4"],["0.001044","90.741738","0","6"],["0.001045","180.591652","0","7"],["0.001047","1.4812","0","1"],["0.001048","2.201748","0","4"]],"bids":[["0.001042","17.9624","0","3"],["0.001041","79.984448","0","10"],["0.00104","161.917617","0","8"],["0.001039","39.826823","0","3"],["0.001038","26.4812","0","2"]],"instId":"LTC-BTC","ts":"1722885522707","seqId":596127296}]}
{"arg":{"channel":"books5","instId":"LTC-BTC"},"data":[{"asks":[["0.001043","44.924719","0","5"],["0.001044","90.741738","0","6"],["0.001045","180.591652","0","7"],["0.001047","1.4812","0","1"],["0.001048","2.201748","0","4"]],"bids":[["0.001042","17.9624","0","3"],["0.001041","79.984448","0","10"],["0.00104","161.917617","0","8"],["0.001039","39.826823","0","3"],["0.001038","26.4812","0","2"]],"instId":"LTC-BTC","ts":"1722885523207","seqId":596127301}]}
{"arg":{"channel":"books5","instId":"LTC-BTC"},"data":[{"asks":[["0.001043","44.924719","0","5"],["0.001044","90.741738","0","6"],["0.001045","180.591652","0","7"],["0.001047","1.4812","0","1"],["0.001048","2.201748","0","4"]],"bids":[["0.001042","51.052142","0","4"],["0.001041","46.894706","0","9"],["0.00104","161.917617","0","8"],["0.001039","39.826823","0","3"],["0.001038","26.4812","0","2"]],"instId":"LTC-BTC","ts":"1722885523907","seqId":596127305}]}
{"arg":{"channel":"books5","instId":"LTC-BTC"},"data":[{"asks":[["0.001043","19.924719","0","4"],["0.001044","90.741738","0","6"],["0.001045","180.591652","0","7"],["0.001047","1.4812","0","1"],["0.001048","2.201748","0","4"]],"bids":[["0.001042","51.052142","0","4"],["0.001041","46.894706","0","9"],["0.00104","161.917617","0","8"],["0.001039","39.826823","0","3"],["0.001038","26.4812","0","2"]],"instId":"LTC-BTC","ts":"1722885524107","seqId":596127312}]}
{"arg":{"channel":"books5","instId":"LTC-BTC"},"data":[{"asks":[["0.001043","19.924719","0","4"],["0.001044","90.741738","0","6"],["0.001045","180.591652","0","7"],["0.001047","1.4812","0","1"],["0.001048","2.201748","0","4"]],"bids":[["0.001042","51.052142","0","4"],["0.001041","57.699117","0","10"],["0.00104","161.917617","0","8"],["0.001039","39.826823","0","3"],["0.001038","26.4812","0","2"]],"instId":"LTC-BTC","ts":"1722885524207","seqId":596127315}]}
{"arg":{"channel":"books5","instId":"LTC-BTC"},"data":[{"asks":[["0.001043","19.924719","0","4"],["0.001044","90.741738","0","6"],["0.001045","145.246029","0","6"],["0.001047","1.4812","0","1"],["0.001048","2.201748","0","4"]],"bids":[["0.001042","51.052142","0","4"],["0.001041","68.412179","0","11"],["0.00104","151.204555","0","7"],["0.001039","39.826823","0","3"],["0.001038","26.4812","0","2"]],"instId":"LTC-BTC","ts":"1722885524307","seqId":596127318}]}
{"arg":{"channel":"books5","instId":"LTC-BTC"},"data":[{"asks":[["0.001043","19.924719","0","4"],["0.001044","90.741738","0","6"],["0.001045","180.591652","0","7"],["0.001047","1.4812","0","1"],["0.001048","2.201748","0","4"]],"bids":[["0.001042","226.042457","0","5"],["0.001041","68.387398","0","10"],["0.00104","151.204555","0","7"],["0.001039","39.826823","0","3"],["0.001038","26.4812","0","2"]],"instId":"LTC-BTC","ts":"1722885524407","seqId":596127321}]}
{"arg":{"channel":"books5","instId":"LTC-BTC"},"data":[{"asks":[["0.001043","19.924719","0","4"],["0.001044","90.741738","0","6"],["0.001045","180.591652","0","7"],["0.001047","1.4812","0","1"],["0.001048","2.201748","0","4"]],"bids":[["0.001042","192.952715","0","4"],["0.001041","101.47714","0","11"],["0.00104","151.204555","0","7"],["0.001039","39.826823","0","3"],["0.001038","26.4812","0","2"]],"instId":"LTC-BTC","ts":"1722885524607","seqId":596127323}]}
{"arg":{"channel":"books5","instId":"LTC-BTC"},"data":[{"asks":[["0.001043","19.924719","0","4"],["0.001044","102.845924","0","7"],["0.001045","168.487466","0","6"],["0.001047","1.4812","0","1"],["0.001048","2.201748","0","4"]],"bids":[["0.001042","192.952715","0","4"],["0.001041","101.47714","0","11"],["0.00104","151.204555","0","7"],["0.001039","64.826823","0","4"],["0.001038","26.4812","0","2"]],"instId":"LTC-BTC","ts":"1722885524907","seqId":596127327}]}
{"arg":{"channel":"books5","instId":"LTC-BTC"},"data":[{"asks":[["0.001043","44.924719","0","5"],["0.001044","102.845924","0","7"],["0.001045","168.487466","0","6"],["0.001047","1.4812","0","1"],["0.001048","2.201748","0","4"]],"bids":[["0.001042","192.952715","0","4"],["0.001041","90.764078","0","10"],["0.00104","161.917617","0","8"],["0.001039","39.826823","0","3"],["0.001038","26.4812","0","2"]],"instId":"LTC-BTC","ts":"1722885525007","seqId":596127333}]}
{"arg":{"channel":"books5","instId":"LTC-BTC"},"data":[{"asks":[["0.001043","44.924719","0","5"],["0.001044","102.845924","0","7"],["0.001045","168.487466","0","6"],["0.001047","1.4812","0","1"],["0.001048","2.201748","0","4"]],"bids":[["0.001042","192.952715","0","4"],["0.001041","90.764078","0","10"],["0.00104","128.680499","0","7"],["0.001039","39.826823","0","3"],["0.001038","26.4812","0","2"]],"instId":"LTC-BTC","ts":"1722885525607","seqId":596127339}]}
{"arg":{"channel":"books5","instId":"LTC-BTC"},"data":[{"asks":[["0.001043","44.924719","0","5"],["0.001044","102.845924","0","7"],["0.001045","168.487466","0","6"],["0.001047","1.4812","0","1"],["0.001048","2.201748","0","4"]],"bids":[["0.001042","192.952715","0","4"],["0.001041","98.373345","0","11"],["0.00104","121.071232","0","6"],["0.001039","39.826823","0","3"],["0.001038","26.4812","0","2"]],"instId":"LTC-BTC","ts":"1722885526807","seqId":596127341}]}
{"arg":{"channel":"books5","instId":"LTC-BTC"},"data":[{"asks":[["0.001043","44.924719","0","5"],["0.001044","102.845924","0","7"],["0.001045","168.487466","0","6"],["0.001047","1.4812","0","1"],["0.001048","2.201748","0","4"]],"bids":[["0.001042","192.952715","0","4"],["0.001041","98.373345","0","11"],["0.00104","121.071232","0","6"],["0.001039","64.826823","0","4"],["0.001038","26.4812","0","2"]],"instId":"LTC-BTC","ts":"1722885527907","seqId":596127344}]}
{"arg":{"channel":"books5","instId":"LTC-BTC"},"data":[{"asks":[["0.001043","44.924719","0","5"],["0.001044","90.741738","0","6"],["0.001045","145.246029","0","6"],["0.001047","1.4812","0","1"],["0.001048","2.201748","0","4"]],"bids":[["0.001042","192.952715","0","4"],["0.001041","98.373345","0","11"],["0.00104","121.071232","0","6"],["0.001039","64.826823","0","4"],["0.001038","26.4812","0","2"]],"instId":"LTC-BTC","ts":"1722885529907","seqId":596127351}]}
{"arg":{"channel":"books5","instId":"LTC-BTC"},"data":[{"asks":[["0.001043","44.924719","0","5"],["0.001044","90.741738","0","6"],["0.001045","180.591652","0","7"],["0.001047","1.4812","0","1"],["0.001048","2.201748","0","4"]],"bids":[["0.001042","192.952715","0","4"],["0.001041","98.373345","0","11"],["0.00104","121.071232","0","6"],["0.001039","64.826823","0","4"],["0.001038","26.4812","0","2"]],"instId":"LTC-BTC","ts":"1722885530007","seqId":596127364}]}
{"arg":{"channel":"books5","instId":"LTC-BTC"},"data":[{"asks":[["0.001043","78.014461","0","6"],["0.001044","57.651996","0","5"],["0.001045","145.246029","0","6"],["0.001047","1.4812","0","1"],["0.001048","2.201748","0","4"]],"bids":[["0.001042","192.952715","0","4"],["0.001041","90.764078","0","10"],["0.00104","128.680499","0","7"],["0.001039","64.826823","0","4"],["0.001038","26.4812","0","2"]],"instId":"LTC-BTC","ts":"1722885530107","seqId":596127369}]}
{"arg":{"channel":"books5","instId":"LTC-BTC"},"data":[{"asks":[["0.001043","63.014461","0","5"],["0.001044","69.756182","0","6"],["0.001045","168.487466","0","6"],["0.001047","1.4812","0","1"],["0.001048","2.201748","0","4"]],"bids":[["0.001042","177.952715","0","3"],["0.001041","61.760238","0","8"],["0.00104","128.680499","0","7"],["0.001039","64.826823","0","4"],["0.001038","26.4812","0","2"]],"instId":"LTC-BTC","ts":"1722885530207","seqId":596127377}]}
{"arg":{"channel":"books5","instId":"LTC-BTC"},"data":[{"asks":[["0.001043","29.924719","0","4"],["0.001044","102.845924","0","7"],["0.001045","168.487466","0","6"],["0.001047","1.4812","0","1"],["0.001048","2.201748","0","4"]],"bids":[["0.001042","177.952715","0","3"],["0.001041","61.760238","0","8"],["0.00104","128.680499","0","7"],["0.001039","64.826823","0","4"],["0.001038","26.4812","0","2"]],"instId":"LTC-BTC","ts":"1722885530507","seqId":596127379}]}
{"arg":{"channel":"books5","instId":"LTC-BTC"},"data":[{"asks":[["0.001043","63.014461","0","5"],["0.001044","69.756182","0","6"],["0.001045","168.487466","0","6"],["0.001047","1.4812","0","1"],["0.001048","2.201748","0","4"]],"bids":[["0.001042","177.952715","0","3"],["0.001041","61.760238","0","8"],["0.00104","128.680499","0","7"],["0.001039","64.826823","0","4"],["0.001038","26.4812","0","2"]],"instId":"LTC-BTC","ts":"1722885530607","seqId":596127381}]}
{"arg":{"channel":"books5","instId":"LTC-BTC"},"data":[{"asks":[["0.001043","27.9624","0","3"],["0.001044","104.808243","0","8"],["0.001045","168.487466","0","6"],["0.001047","1.4812","0","1"],["0.001048","2.201748","0","4"]],"bids":[["0.001042","177.952715","0","3"],["0.001041","28.670496","0","7"],["0.00104","128.680499","0","7"],["0.001039","39.826823","0","3"],["0.001038","26.4812","0","2"]],"instId":"LTC-BTC","ts":"1722885530907","seqId":596127393}]}
{"arg":{"channel":"books5","instId":"LTC-BTC"},"data":[{"asks":[["0.001043","54.407416","0","5"],["0.001044","93.363227","0","7"],["0.001045","168.487466","0","6"],["0.001047","1.4812","0","1"],["0.001048","2.201748","0","4"]],"bids":[["0.001042","192.952715","0","4"],["0.001041","66.760238","0","9"],["0.00104","128.680499","0","7"],["0.001039","39.826823","0","3"],["0.001038","26.4812","0","2"]],"instId":"LTC-BTC","ts":"1722885531007","seqId":596127400}]}
{"arg":{"channel":"books5","instId":"LTC-BTC"},"data":[{"asks":[["0.001043","54.407416","0","5"],["0.001044","93.363227","0","7"],["0.001045","168.487466","0","6"],["0.001047","1.4812","0","1"],["0.001048","2.201748","0","4"]],"bids":[["0.001042","204.34903","0","6"],["0.001041","66.760238","0","9"],["0.00104","128.680499","0","7"],["0.001039","39.826823","0","3"],["0.001038","26.4812","0","2"]],"instId":"LTC-BTC","ts":"1722885531807","seqId":596127402}]}
{"arg":{"channel":"books5","instId":"LTC-BTC"},"data":[{"asks":[["0.001043","54.407416","0","5"],["0.001044","93.363227","0","7"],["0.001045","168.487466","0","6"],["0.001047","1.4812","0","1"],["0.001048","2.201748","0","4"]],"bids":[["0.001042","203.565051","0","5"],["0.001041","66.760238","0","9"],["0.00104","128.680499","0","7"],["0.001039","64.826823","0","4"],["0.001038","26.4812","0","2"]],"instId":"LTC-BTC","ts":"1722885531907","seqId":596127404}]}
{"arg":{"channel":"books5","instId":"LTC-BTC"},"data":[{"asks":[["0.001043","54.407416","0","5"],["0.001044","93.363227","0","7"],["0.001045","168.487466","0","6"],["0.001047","1.4812","0","1"],["0.001048","2.201748","0","4"]],"bids":[["0.001042","203.565051","0","5"],["0.001041","74.369505","0","10"],["0.00104","121.071232","0","6"],["0.001039","64.826823","0","4"],["0.001038","26.4812","0","2"]],"instId":"LTC-BTC","ts":"1722885532307","seqId":596127406}]}
{"arg":{"channel":"books5","instId":"LTC-BTC"},"data":[{"asks":[["0.001043","54.407416","0","5"],["0.001044","93.363227","0","7"],["0.001045","168.487466","0","6"],["0.001047","1.4812","0","1"],["0.001048","2.201748","0","4"]],"bids":[["0.001042","205.52737","0","6"],["0.001041","72.407186","0","9"],["0.00104","121.071232","0","6"],["0.001039","64.826823","0","4"],["0.001038","26.4812","0","2"]],"instId":"LTC-BTC","ts":"1722885532407","seqId":596127408}]}
{"arg":{"channel":"books5","instId":"LTC-BTC"},"data":[{"asks":[["0.001043","54.407416","0","5"],["0.001044","93.363227","0","7"],["0.001045","168.487466","0","6"],["0.001047","1.4812","0","1"],["0.001048","2.201748","0","4"]],"bids":[["0.001042","150.857512","0","6"],["0.001041","72.407186","0","9"],["0.00104","121.071232","0","6"],["0.001039","64.826823","0","4"],["0.001038","26.4812","0","2"]],"instId":"LTC-BTC","ts":"1722885533007","seqId":596127409}]}
{"arg":{"channel":"books5","instId":"LTC-BTC"},"data":[{"asks":[["0.001043","54.407416","0","5"],["0.001044","93.363227","0","7"],["0.001045","168.487466","0","6"],["0.001047","1.4812","0","1"],["0.001048","2.201748","0","4"]],"bids":[["0.001042","183.947254","0","7"],["0.001041","39.317444","0","8"],["0.00104","121.071232","0","6"],["0.001039","64.826823","0","4"],["0.001038","26.4812","0","2"]],"instId":"LTC-BTC","ts":"1722885533307","seqId":596127411}]}
{"arg":{"channel":"books5","instId":"LTC-BTC"},"data":[{"asks":[["0.001043","54.407416","0","5"],["0.001044","93.363227","0","7"],["0.001045","168.487466","0","6"],["0.001047","1.4812","0","1"],["0.001048","2.201748","0","4"]],"bids":[["0.001042","150.857512","0","6"],["0.001041","72.407186","0","9"],["0.00104","121.071232","0","6"],["0.001039","64.826823","0","4"],["0.001038","26.4812","0","2"]],"instId":"LTC-BTC","ts":"1722885533707","seqId":596127413}]}
{"arg":{"channel":"books5","instId":"LTC-BTC"},"data":[{"asks":[["0.001043","44.924719","0","5"],["0.001044","90.741738","0","6"],["0.001045","180.591652","0","7"],["0.001047","1.4812","0","1"],["0.001048","2.201748","0","4"]],"bids":[["0.001042","138.282857","0","4"],["0.001041","74.369505","0","10"],["0.00104","121.071232","0","6"],["0.001039","64.826823","0","4"],["0.001038","26.4812","0","2"]],"instId":"LTC-BTC","ts":"1722885534107","seqId":596127426}]}
{"arg":{"channel":"books5","instId":"LTC-BTC"},"data":[{"asks":[["0.001043","88.626461","0","7"],["0.001044","57.651996","0","5"],["0.001045","180.591652","0","7"],["0.001047","1.4812","0","1"],["0.001048","2.201748","0","4"]],"bids":[["0.001042","138.282857","0","4"],["0.001041","74.369505","0","10"],["0.00104","121.071232","0","6"],["0.001039","64.826823","0","4"],["0.001038","26.4812","0","2"]],"instId":"LTC-BTC","ts":"1722885534207","seqId":596127435}]}
{"arg":{"channel":"books5","instId":"LTC-BTC"},"data":[{"asks":[["0.001043","88.626461","0","7"],["0.001044","57.651996","0","5"],["0.001045","180.591652","0","7"],["0.001047","1.4812","0","1"],["0.001048","2.201748","0","4"]],"bids":[["0.001042","138.282857","0","4"],["0.001041","66.760238","0","9"],["0.00104","128.680499","0","7"],["0.001039","64.826823","0","4"],["0.001038","26.4812","0","2"]],"instId":"LTC-BTC","ts":"1722885534307","seqId":596127437}]}
{"arg":{"channel":"books5","instId":"LTC-BTC"},"data":[{"asks":[["0.001043","55.536719","0","6"],["0.001044","90.741738","0","6"],["0.001045","180.591652","0","7"],["0.001047","1.4812","0","1"],["0.001048","2.201748","0","4"]],"bids":[["0.001042","138.282857","0","4"],["0.001041","66.760238","0","9"],["0.00104","128.680499","0","7"],["0.001039","64.826823","0","4"],["0.001038","26.4812","0","2"]],"instId":"LTC-BTC","ts":"1722885534507","seqId":596127439}]}
{"arg":{"channel":"books5","instId":"LTC-BTC"},"data":[{"asks":[["0.001043","88.626461","0","7"],["0.001044","57.651996","0","5"],["0.001045","180.591652","0","7"],["0.001047","1.4812","0","1"],["0.001048","2.201748","0","4"]],"bids":[["0.001042","138.282857","0","4"],["0.001041","66.760238","0","9"],["0.00104","128.680499","0","7"],["0.001039","64.826823","0","4"],["0.001038","26.4812","0","2"]],"instId":"LTC-BTC","ts":"1722885534807","seqId":596127441}]}
{"arg":{"channel":"books5","instId":"LTC-BTC"},"data":[{"asks":[["0.001043","55.536719","0","6"],["0.001044","90.741738","0","6"],["0.001045","180.591652","0","7"],["0.001047","1.4812","0","1"],["0.001048","2.201748","0","4"]],"bids":[["0.001042","138.282857","0","4"],["0.001041","66.760238","0","9"],["0.00104","128.680499","0","7"],["0.001039","64.826823","0","4"],["0.001038","26.4812","0","2"]],"instId":"LTC-BTC","ts":"1722885534907","seqId":596127443}]}
{"arg":{"channel":"books5","instId":"LTC-BTC"},"data":[{"asks":[["0.001043","100.071477","0","8"],["0.001044","46.20698","0","4"],["0.001045","180.591652","0","7"],["0.001047","1.4812","0","1"],["0.001048","2.201748","0","4"]],"bids":[["0.001042","138.282857","0","4"],["0.001041","66.760238","0","9"],["0.00104","128.680499","0","7"],["0.001039","64.826823","0","4"],["0.001038","26.4812","0","2"]],"instId":"LTC-BTC","ts":"1722885535407","seqId":596127447}]}
{"arg":{"channel":"books5","instId":"LTC-BTC"},"data":[{"asks":[["0.001043","100.071477","0","8"],["0.001044","46.20698","0","4"],["0.001045","180.591652","0","7"],["0.001047","1.4812","0","1"],["0.001048","2.201748","0","4"]],"bids":[["0.001042","138.282857","0","4"],["0.001041","66.760238","0","9"],["0.00104","128.680499","0","7"],["0.001039","39.826823","0","3"],["0.001038","26.4812","0","2"]],"instId":"LTC-BTC","ts":"1722885535507","seqId":596127448}]}
{"arg":{"channel":"books5","instId":"LTC-BTC"},"data":[{"asks":[["0.001043","100.071477","0","8"],["0.001044","46.20698","0","4"],["0.001045","180.591652","0","7"],["0.001047","1.4812","0","1"],["0.001048","2.201748","0","4"]],"bids":[["0.001042","135.320457","0","2"],["0.001041","33.670496","0","8"],["0.00104","128.680499","0","7"],["0.001039","39.826823","0","3"],["0.001038","26.4812","0","2"]],"instId":"LTC-BTC","ts":"1722885535607","seqId":596127451}]}
{"arg":{"channel":"books5","instId":"LTC-BTC"},"data":[{"asks":[["0.001043","100.071477","0","8"],["0.001044","58.311166","0","5"],["0.001045","168.487466","0","6"],["0.001047","1.4812","0","1"],["0.001048","2.201748","0","4"]],"bids":[["0.001042","135.320457","0","2"],["0.001041","66.760238","0","9"],["0.00104","128.680499","0","7"],["0.001039","39.826823","0","3"],["0.001038","26.4812","0","2"]],"instId":"LTC-BTC","ts":"1722885535707","seqId":596127456}]}
{"arg":{"channel":"books5","instId":"LTC-BTC"},"data":[{"asks":[["0.001043","85.071477","0","7"],["0.001044","58.311166","0","5"],["0.001045","168.487466","0","6"],["0.001047","1.4812","0","1"],["0.001048","2.201748","0","4"]],"bids":[["0.001042","120.320457","0","1"],["0.001041","61.760238","0","8"],["0.00104","128.680499","0","7"],["0.001039","39.826823","0","3"],["0.001038","26.4812","0","2"]],"instId":"LTC-BTC","ts":"1722885535807","seqId":596127460}]}
{"arg":{"channel":"books5","instId":"LTC-BTC"},"data":[{"asks":[["0.001043","100.071477","0","8"],["0.001044","58.311166","0","5"],["0.001045","168.487466","0","6"],["0.001047","1.4812","0","1"],["0.001048","2.201748","0","4"]],"bids":[["0.001042","135.320457","0","2"],["0.001041","66.760238","0","9"],["0.00104","128.680499","0","7"],["0.001039","39.826823","0","3"],["0.001038","26.4812","0","2"]],"instId":"LTC-BTC","ts":"1722885536007","seqId":596127464}]}
{"arg":{"channel":"books5","instId":"LTC-BTC"},"data":[{"asks":[["0.001043","100.071477","0","8"],["0.001044","58.311166","0","5"],["0.001045","168.487466","0","6"],["0.001047","1.4812","0","1"],["0.001048","2.201748","0","4"]],"bids":[["0.001042","16.4812","0","2"],["0.001041","183.994951","0","10"],["0.00104","128.680499","0","7"],["0.001039","39.826823","0","3"],["0.001038","26.4812","0","2"]],"instId":"LTC-BTC","ts":"1722885536107","seqId":596127467}]}
{"arg":{"channel":"books5","instId":"LTC-BTC"},"data":[{"asks":[["0.001043","100.071477","0","8"],["0.001044","58.311166","0","5"],["0.001045","168.487466","0","6"],["0.001047","1.4812","0","1"],["0.001048","2.201748","0","4"]],"bids":[["0.001042","16.4812","0","2"],["0.001041","183.994951","0","10"],["0.00104","128.680499","0","7"],["0.001039","64.826823","0","4"],["0.001038","26.4812","0","2"]],"instId":"LTC-BTC","ts":"1722885536807","seqId":596127468}]}
{"arg":{"channel":"books5","instId":"LTC-BTC"},"data":[{"asks":[["0.001043","100.071477","0","8"],["0.001044","58.311166","0","5"],["0.001045","165.487466","0","5"],["0.001047","1.4812","0","1"],["0.001048","2.201748","0","4"]],"bids":[["0.001042","16.4812","0","2"],["0.001041","183.994951","0","10"],["0.00104","125.680499","0","6"],["0.001039","64.826823","0","4"],["0.001038","26.4812","0","2"]],"instId":"LTC-BTC","ts":"1722885538207","seqId":596127470}]}
{"arg":{"channel":"books5","instId":"LTC-BTC"},"data":[{"asks":[["0.001043","66.981735","0","7"],["0.001044","91.400908","0","6"],["0.001045","165.487466","0","5"],["0.001047","1.4812","0","1"],["0.001048","2.201748","0","4"]],"bids":[["0.001042","16.4812","0","2"],["0.001041","183.994951","0","10"],["0.00104","125.680499","0","6"],["0.001039","64.826823","0","4"],["0.001038","26.4812","0","2"]],"instId":"LTC-BTC","ts":"1722885538607","seqId":596127472}]}
{"arg":{"channel":"books5","instId":"LTC-BTC"},"data":[{"asks":[["0.001043","100.071477","0","8"],["0.001044","58.311166","0","5"],["0.001045","130.141843","0","4"],["0.001047","1.4812","0","1"],["0.001048","2.201748","0","4"]],"bids":[["0.001042","16.4812","0","2"],["0.001041","183.994951","0","10"],["0.00104","125.680499","0","6"],["0.001039","64.826823","0","4"],["0.001038","26.4812","0","2"]],"instId":"LTC-BTC","ts":"1722885539007","seqId":596127479}]}
{"arg":{"channel":"books5","instId":"LTC-BTC"},"data":[{"asks":[["0.001043","100.071477","0","8"],["0.001044","58.311166","0","5"],["0.001045","165.487466","0","5"],["0.001047","1.4812","0","1"],["0.001048","2.201748","0","4"]],"bids":[["0.001042","16.4812","0","2"],["0.001041","183.994951","0","10"],["0.00104","125.680499","0","6"],["0.001039","64.826823","0","4"],["0.001038","26.4812","0","2"]],"instId":"LTC-BTC","ts":"1722885539107","seqId":596127480}]}
{"arg":{"channel":"books5","instId":"LTC-BTC"},"data":[{"asks":[["0.001043","100.071477","0","8"],["0.001044","58.311166","0","5"],["0.001045","132.250348","0","4"],["0.001046","33.237118","0","1"],["0.001047","1.4812","0","1"]],"bids":[["0.001042","16.4812","0","2"],["0.001041","183.994951","0","10"],["0.00104","125.680499","0","6"],["0.001039","39.826823","0","3"],["0.001038","26.4812","0","2"]],"instId":"LTC-BTC","ts":"1722885539307","seqId":596127483}]}
{"arg":{"channel":"books5","instId":"LTC-BTC"},"data":[{"asks":[["0.001043","100.071477","0","8"],["0.001044","58.311166","0","5"],["0.001045","135.250348","0","5"],["0.001046","33.237118","0","1"],["0.001047","1.4812","0","1"]],"bids":[["0.001042","16.4812","0","2"],["0.001041","183.994951","0","10"],["0.00104","128.680499","0","7"],["0.001039","39.826823","0","3"],["0.001038","26.4812","0","2"]],"instId":"LTC-BTC","ts":"1722885539507","seqId":596127485}]}
{"arg":{"channel":"books5","instId":"LTC-BTC"},"data":[{"asks":[["0.001043","124.075317","0","9"],["0.001044","58.311166","0","5"],["0.001045","135.250348","0","5"],["0.001046","33.237118","0","1"],["0.001047","1.4812","0","1"]],"bids":[["0.001042","16.4812","0","2"],["0.001041","183.994951","0","10"],["0.00104","128.680499","0","7"],["0.001039","39.826823","0","3"],["0.001038","26.4812","0","2"]],"instId":"LTC-BTC","ts":"1722885539607","seqId":596127486}]}
{"arg":{"channel":"books5","instId":"LTC-BTC"},"data":[{"asks":[["0.001043","90.985575","0","8"],["0.001044","91.400908","0","6"],["0.001045","135.250348","0","5"],["0.001046","33.237118","0","1"],["0.001047","1.4812","0","1"]],"bids":[["0.001042","16.4812","0","2"],["0.001041","183.994951","0","10"],["0.00104","128.680499","0","7"],["0.001039","39.826823","0","3"],["0.001038","26.4812","0","2"]],"instId":"LTC-BTC","ts":"1722885539707","seqId":596127488}]}
{"arg":{"channel":"books5","instId":"LTC-BTC"},"data":[{"asks":[["0.001043","100.071477","0","8"],["0.001044","58.311166","0","5"],["0.001045","135.250348","0","5"],["0.001046","33.237118","0","1"],["0.001047","1.4812","0","1"]],"bids":[["0.001042","16.4812","0","2"],["0.001041","183.994951","0","10"],["0.00104","128.680499","0","7"],["0.001039","39.826823","0","3"],["0.001038","26.4812","0","2"]],"instId":"LTC-BTC","ts":"1722885539807","seqId":596127491}]}
{"arg":{"channel":"books5","instId":"LTC-BTC"},"data":[{"asks":[["0.001043","66.981735","0","7"],["0.001044","91.400908","0","6"],["0.001045","135.250348","0","5"],["0.001046","33.237118","0","1"],["0.001047","1.4812","0","1"]],"bids":[["0.001042","16.4812","0","2"],["0.001041","183.994951","0","10"],["0.00104","128.680499","0","7"],["0.001039","39.826823","0","3"],["0.001038","26.4812","0","2"]],"instId":"LTC-BTC","ts":"1722885540007","seqId":596127495}]}
{"arg":{"channel":"books5","instId":"LTC-BTC"},"data":[{"asks":[["0.001043","66.981735","0","7"],["0.001044","91.400908","0","6"],["0.001045","135.250348","0","5"],["0.001046","33.237118","0","1"],["0.001047","1.4812","0","1"]],"bids":[["0.001042","16.4812","0","2"],["0.001041","183.994951","0","10"],["0.00104","128.680499","0","7"],["0.001039","64.826823","0","4"],["0.001038","26.4812","0","2"]],"instId":"LTC-BTC","ts":"1722885540107","seqId":596127496}]}
{"arg":{"channel":"books5","instId":"LTC-BTC"},"data":[{"asks":[["0.001043","66.981735","0","7"],["0.001044","91.400908","0","6"],["0.001045","135.250348","0","5"],["0.001046","33.237118","0","1"],["0.001047","1.4812","0","1"]],"bids":[["0.001042","16.4812","0","2"],["0.001041","191.604218","0","11"],["0.00104","121.071232","0","6"],["0.001039","64.826823","0","4"],["0.001038","26.4812","0","2"]],"instId":"LTC-BTC","ts":"1722885540207","seqId":596127498}]}
{"arg":{"channel":"books5","instId":"LTC-BTC"},"data":[{"asks":[["0.001043","100.071477","0","8"],["0.001044","46.20698","0","4"],["0.001045","112.008911","0","5"],["0.001046","33.237118","0","1"],["0.001047","1.4812","0","1"]],"bids":[["0.001042","16.4812","0","2"],["0.001041","41.279763","0","9"],["0.00104","121.071232","0","6"],["0.001039","64.826823","0","4"],["0.001038","143.551977","0","3"]],"instId":"LTC-BTC","ts":"1722885540907","seqId":596127506}]}
{"arg":{"channel":"books5","instId":"LTC-BTC"},"data":[{"asks":[["0.001043","100.071477","0","8"],["0.001044","46.20698","0","4"],["0.001045","147.354534","0","6"],["0.001046","33.237118","0","1"],["0.001047","1.4812","0","1"]],"bids":[["0.001042","16.4812","0","2"],["0.001041","33.670496","0","8"],["0.00104","128.680499","0","7"],["0.001039","64.826823","0","4"],["0.001038","143.551977","0","3"]],"instId":"LTC-BTC","ts":"1722885541007","seqId":596127509}]}
{"arg":{"channel":"books5","instId":"LTC-BTC"},"data":[{"asks":[["0.001043","100.071477","0","8"],["0.001044","58.311166","0","5"],["0.001045","135.250348","0","5"],["0.001046","33.237118","0","1"],["0.001047","1.4812","0","1"]],"bids":[["0.001042","16.4812","0","2"],["0.001041","66.760238","0","9"],["0.00104","128.680499","0","7"],["0.001039","64.826823","0","4"],["0.001038","143.551977","0","3"]],"instId":"LTC-BTC","ts":"1722885541107","seqId":596127512}]}
{"arg":{"channel":"books5","instId":"LTC-BTC"},"data":[{"asks":[["0.001043","66.981735","0","7"],["0.001044","91.400908","0","6"],["0.001045","135.250348","0","5"],["0.001046","33.237118","0","1"],["0.001047","1.4812","0","1"]],"bids":[["0.001042","16.4812","0","2"],["0.001041","66.760238","0","9"],["0.00104","128.680499","0","7"],["0.001039","64.826823","0","4"],["0.001038","143.551977","0","3"]],"instId":"LTC-BTC","ts":"1722885541207","seqId":596127514}]}
{"arg":{"channel":"books5","instId":"LTC-BTC"},"data":[{"asks":[["0.001043","65.019416","0","6"],["0.001044","58.311166","0","5"],["0.001045","135.250348","0","5"],["0.001046","33.237118","0","1"],["0.001047","1.4812","0","1"]],"bids":[["0.001042","16.4812","0","2"],["0.001041","74.369505","0","10"],["0.00104","121.071232","0","6"],["0.001039","64.826823","0","4"],["0.001038","143.551977","0","3"]],"instId":"LTC-BTC","ts":"1722885541307","seqId":596127522}]}
{"arg":{"channel":"books5","instId":"LTC-BTC"},"data":[{"asks":[["0.001043","83.109158","0","6"],["0.001044","58.311166","0","5"],["0.001045","135.250348","0","5"],["0.001046","33.237118","0","1"],["0.001047","1.4812","0","1"]],"bids":[["0.001042","1.4812","0","1"],["0.001041","69.369505","0","9"],["0.00104","154.30835","0","7"],["0.001039","64.826823","0","4"],["0.001038","143.551977","0","3"]],"instId":"LTC-BTC","ts":"1722885541407","seqId":596127530}]}
{"arg":{"channel":"books5","instId":"LTC-BTC"},"data":[{"asks":[["0.001043","50.019416","0","5"],["0.001044","91.400908","0","6"],["0.001045","135.250348","0","5"],["0.001046","33.237118","0","1"],["0.001047","1.4812","0","1"]],"bids":[["0.001042","1.4812","0","1"],["0.001041","69.369505","0","9"],["0.00104","154.30835","0","7"],["0.001039","64.826823","0","4"],["0.001038","143.551977","0","3"]],"instId":"LTC-BTC","ts":"1722885541507","seqId":596127536}]}
{"arg":{"channel":"books5","instId":"LTC-BTC"},"data":[{"asks":[["0.001043","50.019416","0","5"],["0.001044","91.400908","0","6"],["0.001045","135.250348","0","5"],["0.001046","33.237118","0","1"],["0.001047","3.443519","0","2"]],"bids":[["0.001042","2.9624","0","2"],["0.001041","69.369505","0","9"],["0.00104","154.30835","0","7"],["0.001039","64.826823","0","4"],["0.001038","143.551977","0","3"]],"instId":"LTC-BTC","ts":"1722885541807","seqId":596127538}]}
{"arg":{"channel":"books5","instId":"LTC-BTC"},"data":[{"asks":[["0.001043","38.5744","0","4"],["0.001044","89.814027","0","6"],["0.001045","147.354534","0","6"],["0.001046","33.237118","0","1"],["0.001047","3.443519","0","2"]],"bids":[["0.001042","36.052142","0","3"],["0.001041","36.279763","0","8"],["0.00104","154.30835","0","7"],["0.001039","64.826823","0","4"],["0.001038","143.551977","0","3"]],"instId":"LTC-BTC","ts":"1722885541907","seqId":596127544}]}
{"arg":{"channel":"books5","instId":"LTC-BTC"},"data":[{"asks":[["0.001043","38.5744","0","4"],["0.001044","89.814027","0","6"],["0.001045","147.354534","0","6"],["0.001046","33.237118","0","1"],["0.001047","3.443519","0","2"]],"bids":[["0.001042","2.9624","0","2"],["0.001041","36.279763","0","8"],["0.00104","154.30835","0","7"],["0.001039","64.826823","0","4"],["0.001038","143.551977","0","3"]],"instId":"LTC-BTC","ts":"1722885542007","seqId":596127545}]}
{"arg":{"channel":"books5","instId":"LTC-BTC"},"data":[{"asks":[["0.001043","53.5744","0","5"],["0.001044","89.814027","0","6"],["0.001045","147.354534","0","6"],["0.001046","33.237118","0","1"],["0.001047","3.443519","0","2"]],"bids":[["0.001042","19.924719","0","4"],["0.001041","72.407186","0","9"],["0.00104","154.30835","0","7"],["0.001039","64.826823","0","4"],["0.001038","143.551977","0","3"]],"instId":"LTC-BTC","ts":"1722885542107","seqId":596127554}]}
{"arg":{"channel":"books5","instId":"LTC-BTC"},"data":[{"asks":[["0.001043","53.5744","0","5"],["0.001044","94.540783","0","7"],["0.001045","143.657923","0","6"],["0.001046","33.237118","0","1"],["0.001047","1.4812","0","1"]],"bids":[["0.001042","19.924719","0","4"],["0.001041","72.407186","0","9"],["0.00104","154.30835","0","7"],["0.001039","64.826823","0","4"],["0.001038","143.551977","0","3"]],"instId":"LTC-BTC","ts":"1722885542207","seqId":596127564}]}
{"arg":{"channel":"books5","instId":"LTC-BTC"},"data":[{"asks":[["0.001043","28.5744","0","4"],["0.001044","82.436597","0","6"],["0.001045","155.762109","0","7"],["0.001046","33.237118","0","1"],["0.001047","1.4812","0","1"]],"bids":[["0.001042","19.924719","0","4"],["0.001041","72.407186","0","9"],["0.00104","154.30835","0","7"],["0.001039","64.826823","0","4"],["0.001038","143.551977","0","3"]],"instId":"LTC-BTC","ts":"1722885542307","seqId":596127567}]}
{"arg":{"channel":"books5","instId":"LTC-BTC"},"data":[{"asks":[["0.001043","28.5744","0","4"],["0.001044","82.436597","0","6"],["0.001045","120.416486","0","6"],["0.001046","33.237118","0","1"],["0.001047","1.4812","0","1"]],"bids":[["0.001042","19.924719","0","4"],["0.001041","72.407186","0","9"],["0.00104","154.30835","0","7"],["0.001039","64.826823","0","4"],["0.001038","143.551977","0","3"]],"instId":"LTC-BTC","ts":"1722885542407","seqId":596127568}]}
{"arg":{"channel":"books5","instId":"LTC-BTC"},"data":[{"asks":[["0.001043","30.536719","0","5"],["0.001044","80.474278","0","5"],["0.001045","155.762109","0","7"],["0.001046","33.237118","0","1"],["0.001047","1.4812","0","1"]],"bids":[["0.001042","17.9624","0","3"],["0.001041","74.369505","0","10"],["0.00104","154.30835","0","7"],["0.001039","64.826823","0","4"],["0.001038","143.551977","0","3"]],"instId":"LTC-BTC","ts":"1722885542807","seqId":596127585}]}
{"arg":{"channel":"books5","instId":"LTC-BTC"},"data":[{"asks":[["0.001043","30.536719","0","5"],["0.001044","80.474278","0","5"],["0.001045","120.416486","0","6"],["0.001046","33.237118","0","1"],["0.001047","1.4812","0","1"]],"bids":[["0.001042","17.9624","0","3"],["0.001041","74.369505","0","10"],["0.00104","154.30835","0","7"],["0.001039","64.826823","0","4"],["0.001038","143.551977","0","3"]],"instId":"LTC-BTC","ts":"1722885542907","seqId":596127586}]}
{"arg":{"channel":"books5","instId":"LTC-BTC"},"data":[{"asks":[["0.001043","63.626461","0","6"],["0.001044","55.709888","0","5"],["0.001045","112.008911","0","5"],["0.001046","33.237118","0","1"],["0.001047","1.4812","0","1"]],"bids":[["0.001042","17.9624","0","3"],["0.001041","74.369505","0","10"],["0.00104","154.30835","0","7"],["0.001039","64.826823","0","4"],["0.001038","143.551977","0","3"]],"instId":"LTC-BTC","ts":"1722885543107","seqId":596127594}]}
{"arg":{"channel":"books5","instId":"LTC-BTC"},"data":[{"asks":[["0.001043","63.626461","0","6"],["0.001044","55.709888","0","5"],["0.001045","112.008911","0","5"],["0.001046","33.237118","0","1"],["0.001047","1.4812","0","1"]],"bids":[["0.001042","17.9624","0","3"],["0.001041","72.407186","0","9"],["0.00104","156.270669","0","8"],["0.001039","64.826823","0","4"],["0.001038","143.551977","0","3"]],"instId":"LTC-BTC","ts":"1722885543207","seqId":596127596}]}
{"arg":{"channel":"books5","instId":"LTC-BTC"},"data":[{"asks":[["0.001043","63.626461","0","6"],["0.001044","55.709888","0","5"],["0.001045","112.008911","0","5"],["0.001046","33.237118","0","1"],["0.001047","1.4812","0","1"]],"bids":[["0.001042","17.9624","0","3"],["0.001041","72.407186","0","9"],["0.00104","156.270669","0","8"],["0.001039","64.826823","0","4"],["0.001038","26.4812","0","2"]],"instId":"LTC-BTC","ts":"1722885543307","seqId":596127598}]}
{"arg":{"channel":"books5","instId":"LTC-BTC"},"data":[{"asks":[["0.001043","88.626461","0","7"],["0.001044","55.709888","0","5"],["0.001045","147.354534","0","6"],["0.001046","33.237118","0","1"],["0.001047","1.4812","0","1"]],"bids":[["0.001042","17.9624","0","3"],["0.001041","72.407186","0","9"],["0.00104","156.270669","0","8"],["0.001039","64.826823","0","4"],["0.001038","26.4812","0","2"]],"instId":"LTC-BTC","ts":"1722885543407","seqId":596127600}]}
{"arg":{"channel":"books5","instId":"LTC-BTC"},"data":[{"asks":[["0.001043","112.630301","0","8"],["0.001044","55.709888","0","5"],["0.001045","112.008911","0","5"],["0.001046","33.237118","0","1"],["0.001047","1.4812","0","1"]],"bids":[["0.001042","17.9624","0","3"],["0.001041","72.407186","0","9"],["0.00104","156.270669","0","8"],["0.001039","64.826823","0","4"],["0.001038","26.4812","0","2"]],"instId":"LTC-BTC","ts":"1722885543507","seqId":596127602}]}
{"arg":{"channel":"books5","instId":"LTC-BTC"},"data":[{"asks":[["0.001043","88.626461","0","7"],["0.001044","55.709888","0","5"],["0.001045","112.008911","0","5"],["0.001046","33.237118","0","1"],["0.001047","1.4812","0","1"]],"bids":[["0.001042","17.9624","0","3"],["0.001041","72.407186","0","9"],["0.00104","156.270669","0","8"],["0.001039","64.826823","0","4"],["0.001038","26.4812","0","2"]],"instId":"LTC-BTC","ts":"1722885543907","seqId":596127603}]}
{"arg":{"channel":"books5","instId":"LTC-BTC"},"data":[{"asks":[["0.001043","112.630301","0","8"],["0.001044","55.709888","0","5"],["0.001045","147.354534","0","6"],["0.001046","33.237118","0","1"],["0.001047","1.4812","0","1"]],"bids":[["0.001042","17.9624","0","3"],["0.001041","72.407186","0","9"],["0.00104","156.270669","0","8"],["0.001039","64.826823","0","4"],["0.001038","26.4812","0","2"]],"instId":"LTC-BTC","ts":"1722885544107","seqId":596127611}]}
{"arg":{"channel":"books5","instId":"LTC-BTC"},"data":[{"asks":[["0.001043","112.630301","0","8"],["0.001044","55.709888","0","5"],["0.001045","147.354534","0","6"],["0.001046","33.237118","0","1"],["0.001047","1.4812","0","1"]],"bids":[["0.001042","17.9624","0","3"],["0.001041","72.407186","0","9"],["0.00104","156.270669","0","8"],["0.001039","39.826823","0","3"],["0.001038","26.4812","0","2"]],"instId":"LTC-BTC","ts":"1722885544207","seqId":596127612}]}
{"arg":{"channel":"books5","instId":"LTC-BTC"},"data":[{"asks":[["0.001043","112.630301","0","8"],["0.001044","55.709888","0","5"],["0.001045","112.008911","0","5"],["0.001046","33.237118","0","1"],["0.001047","1.4812","0","1"]],"bids":[["0.001042","17.9624","0","3"],["0.001041","72.407186","0","9"],["0.00104","156.270669","0","8"],["0.001039","39.826823","0","3"],["0.001038","26.4812","0","2"]],"instId":"LTC-BTC","ts":"1722885544307","seqId":596127613}]}
{"arg":{"channel":"books5","instId":"LTC-BTC"},"data":[{"asks":[["0.001043","112.630301","0","8"],["0.001044","55.709888","0","5"],["0.001045","147.354534","0","6"],["0.001046","33.237118","0","1"],["0.001047","1.4812","0","1"]],"bids":[["0.001042","17.9624","0","3"],["0.001041","72.407186","0","9"],["0.00104","156.270669","0","8"],["0.001039","39.826823","0","3"],["0.001038","26.4812","0","2"]],"instId":"LTC-BTC","ts":"1722885544407","seqId":596127614}]}
{"arg":{"channel":"books5","instId":"LTC-BTC"},"data":[{"asks":[["0.001043","112.630301","0","8"],["0.001044","55.709888","0","5"],["0.001045","147.354534","0","6"],["0.001046","33.237118","0","1"],["0.001047","1.4812","0","1"]],"bids":[["0.001042","17.9624","0","3"],["0.001041","72.407186","0","9"],["0.00104","156.270669","0","8"],["0.001039","64.826823","0","4"],["0.001038","26.4812","0","2"]],"instId":"LTC-BTC","ts":"1722885544507","seqId":596127615}]}
{"arg":{"channel":"books5","instId":"LTC-BTC"},"data":[{"asks":[["0.001043","67.054024","0","8"],["0.001044","57.296769","0","5"],["0.001045","135.250348","0","5"],["0.001046","33.237118","0","1"],["0.001047","1.4812","0","1"]],"bids":[["0.001042","17.9624","0","3"],["0.001041","72.407186","0","9"],["0.00104","156.270669","0","8"],["0.001039","64.826823","0","4"],["0.001038","26.4812","0","2"]],"instId":"LTC-BTC","ts":"1722885544607","seqId":596127622}]}
{"arg":{"channel":"books5","instId":"LTC-BTC"},"data":[{"asks":[["0.001043","54.540559","0","6"],["0.001044","55.709888","0","5"],["0.001045","147.354534","0","6"],["0.001046","33.237118","0","1"],["0.001047","1.4812","0","1"]],"bids":[["0.001042","17.9624","0","3"],["0.001041","72.407186","0","9"],["0.00104","156.270669","0","8"],["0.001039","64.826823","0","4"],["0.001038","26.4812","0","2"]],"instId":"LTC-BTC","ts":"1722885544707","seqId":596127629}]}
{"arg":{"channel":"books5","instId":"LTC-BTC"},"data":[{"asks":[["0.001043","113.630301","0","9"],["0.001044","55.709888","0","5"],["0.001045","147.354534","0","6"],["0.001046","33.237118","0","1"],["0.001047","1.4812","0","1"]],"bids":[["0.001042","17.9624","0","3"],["0.001041","72.407186","0","9"],["0.00104","156.270669","0","8"],["0.001039","64.826823","0","4"],["0.001038","26.4812","0","2"]],"instId":"LTC-BTC","ts":"1722885544807","seqId":596127636}]}
{"arg":{"channel":"books5","instId":"LTC-BTC"},"data":[{"asks":[["0.001043","113.630301","0","9"],["0.001044","55.709888","0","5"],["0.001045","112.008911","0","5"],["0.001046","33.237118","0","1"],["0.001047","1.4812","0","1"]],"bids":[["0.001042","16.4812","0","2"],["0.001041","72.407186","0","9"],["0.00104","156.270669","0","8"],["0.001039","64.826823","0","4"],["0.001038","26.4812","0","2"]],"instId":"LTC-BTC","ts":"1722885545007","seqId":596127638}]}
{"arg":{"channel":"books5","instId":"LTC-BTC"},"data":[{"asks":[["0.001043","113.630301","0","9"],["0.001044","55.709888","0","5"],["0.001045","112.008911","0","5"],["0.001046","33.237118","0","1"],["0.001047","1.4812","0","1"]],"bids":[["0.001042","17.9624","0","3"],["0.001041","72.407186","0","9"],["0.00104","156.270669","0","8"],["0.001039","64.826823","0","4"],["0.001038","26.4812","0","2"]],"instId":"LTC-BTC","ts":"1722885545207","seqId":596127639}]}
{"arg":{"channel":"books5","instId":"LTC-BTC"},"data":[{"asks":[["0.001043","113.630301","0","9"],["0.001044","55.709888","0","5"],["0.001045","145.246029","0","6"],["0.001047","1.4812","0","1"],["0.001048","2.201748","0","4"]],"bids":[["0.001042","17.9624","0","3"],["0.001041","72.407186","0","9"],["0.00104","156.270669","0","8"],["0.001039","39.826823","0","3"],["0.001038","26.4812","0","2"]],"instId":"LTC-BTC","ts":"1722885545407","seqId":596127642}]}
{"arg":{"channel":"books5","instId":"LTC-BTC"},"data":[{"asks":[["0.001043","112.630301","0","8"],["0.001044","55.709888","0","5"],["0.001045","145.246029","0","6"],["0.001047","1.4812","0","1"],["0.001048","2.201748","0","4"]],"bids":[["0.001042","17.9624","0","3"],["0.001041","72.407186","0","9"],["0.00104","156.270669","0","8"],["0.001039","39.826823","0","3"],["0.001038","26.4812","0","2"]],"instId":"LTC-BTC","ts":"1722885545807","seqId":596127647}]}
{"arg":{"channel":"books5","instId":"LTC-BTC"},"data":[{"asks":[["0.001043","112.630301","0","8"],["0.001044","55.709888","0","5"],["0.001045","180.591652","0","7"],["0.001047","1.4812","0","1"],["0.001048","2.201748","0","4"]],"bids":[["0.001042","17.9624","0","3"],["0.001041","72.407186","0","9"],["0.00104","156.270669","0","8"],["0.001039","39.826823","0","3"],["0.001038","26.4812","0","2"]],"instId":"LTC-BTC","ts":"1722885546107","seqId":596127650}]}
{"arg":{"channel":"books5","instId":"LTC-BTC"},"data":[{"asks":[["0.001043","88.626461","0","7"],["0.001044","55.709888","0","5"],["0.001045","145.246029","0","6"],["0.001047","1.4812","0","1"],["0.001048","2.201748","0","4"]],"bids":[["0.001042","17.9624","0","3"],["0.001041","72.407186","0","9"],["0.00104","156.270669","0","8"],["0.001039","39.826823","0","3"],["0.001038","26.4812","0","2"]],"instId":"LTC-BTC","ts":"1722885546207","seqId":596127652}]}
{"arg":{"channel":"books5","instId":"LTC-BTC"},"data":[{"asks":[["0.001043","108.126461","0","9"],["0.001044","55.709888","0","5"],["0.001045","145.246029","0","6"],["0.001047","1.4812","0","1"],["0.001048","2.201748","0","4"]],"bids":[["0.001042","17.9624","0","3"],["0.001041","72.407186","0","9"],["0.00104","154.30835","0","7"],["0.001039","39.826823","0","3"],["0.001038","26.4812","0","2"]],"instId":"LTC-BTC","ts":"1722885546307","seqId":596127655}]}
{"arg":{"channel":"books5","instId":"LTC-BTC"},"data":[{"asks":[["0.001043","113.630301","0","9"],["0.001044","55.709888","0","5"],["0.001045","145.246029","0","6"],["0.001047","1.4812","0","1"],["0.001048","2.201748","0","4"]],"bids":[["0.001042","15","0","1"],["0.001041","72.407186","0","9"],["0.00104","84.30835","0","6"],["0.001039","109.826823","0","4"],["0.001038","26.4812","0","2"]],"instId":"LTC-BTC","ts":"1722885546507","seqId":596127661}]}
{"arg":{"channel":"books5","instId":"LTC-BTC"},"data":[{"asks":[["0.001043","113.630301","0","9"],["0.001044","91.055511","0","6"],["0.001045","145.246029","0","6"],["0.001047","1.4812","0","1"],["0.001048","2.201748","0","4"]],"bids":[["0.001042","15","0","1"],["0.001041","64.797919","0","8"],["0.00104","92.932014","0","7"],["0.001039","109.826823","0","4"],["0.001038","28.443519","0","3"]],"instId":"LTC-BTC","ts":"1722885546907","seqId":596127665}]}
{"arg":{"channel":"books5","instId":"LTC-BTC"},"data":[{"asks":[["0.001043","113.630301","0","9"],["0.001044","103.159697","0","7"],["0.001045","133.141843","0","5"],["0.001047","1.4812","0","1"],["0.001048","2.201748","0","4"]],"bids":[["0.001042","15","0","1"],["0.001041","64.797919","0","8"],["0.00104","89.932014","0","6"],["0.001039","109.826823","0","4"],["0.001038","28.443519","0","3"]],"instId":"LTC-BTC","ts":"1722885547007","seqId":596127668}]}
{"arg":{"channel":"books5","instId":"LTC-BTC"},"data":[{"asks":[["0.001043","113.630301","0","9"],["0.001044","103.159697","0","7"],["0.001045","133.141843","0","5"],["0.001047","1.4812","0","1"],["0.001048","2.201748","0","4"]],"bids":[["0.001042","15","0","1"],["0.001041","64.797919","0","8"],["0.00104","91.894333","0","7"],["0.001039","109.826823","0","4"],["0.001038","26.4812","0","2"]],"instId":"LTC-BTC","ts":"1722885547107","seqId":596127670}]}
{"arg":{"channel":"books5","instId":"LTC-BTC"},"data":[{"asks":[["0.001043","113.630301","0","9"],["0.001044","103.159697","0","7"],["0.001045","133.141843","0","5"],["0.001047","1.4812","0","1"],["0.001048","2.201748","0","4"]],"bids":[["0.001042","16.4812","0","2"],["0.001041","64.797919","0","8"],["0.00104","91.894333","0","7"],["0.001039","109.826823","0","4"],["0.001038","26.4812","0","2"]],"instId":"LTC-BTC","ts":"1722885547307","seqId":596127671}]}
{"arg":{"channel":"books5","instId":"LTC-BTC"},"data":[{"asks":[["0.001043","113.630301","0","9"],["0.001044","103.159697","0","7"],["0.001045","133.141843","0","5"],["0.001047","1.4812","0","1"],["0.001048","2.201748","0","4"]],"bids":[["0.001042","16.4812","0","2"],["0.001041","64.797919","0","8"],["0.00104","161.894333","0","8"],["0.001039","39.826823","0","3"],["0.001038","26.4812","0","2"]],"instId":"LTC-BTC","ts":"1722885547507","seqId":596127673}]}
{"arg":{"channel":"books5","instId":"LTC-BTC"},"data":[{"asks":[["0.001043","112.630301","0","8"],["0.001044","103.159697","0","7"],["0.001045","133.141843","0","5"],["0.001047","1.4812","0","1"],["0.001048","2.201748","0","4"]],"bids":[["0.001042","16.4812","0","2"],["0.001041","64.797919","0","8"],["0.00104","161.894333","0","8"],["0.001039","39.826823","0","3"],["0.001038","26.4812","0","2"]],"instId":"LTC-BTC","ts":"1722885547807","seqId":596127676}]}
{"arg":{"channel":"books5","instId":"LTC-BTC"},"data":[{"asks":[["0.001043","113.630301","0","9"],["0.001044","103.159697","0","7"],["0.001045","133.141843","0","5"],["0.001047","1.4812","0","1"],["0.001048","2.201748","0","4"]],"bids":[["0.001042","16.4812","0","2"],["0.001041","64.797919","0","8"],["0.00104","161.894333","0","8"],["0.001039","39.826823","0","3"],["0.001038","26.4812","0","2"]],"instId":"LTC-BTC","ts":"1722885547907","seqId":596127677}]}
{"arg":{"channel":"books5","instId":"LTC-BTC"},"data":[{"asks":[["0.001043","113.630301","0","9"],["0.001044","106.159697","0","8"],["0.001045","133.141843","0","5"],["0.001047","1.4812","0","1"],["0.001048","2.201748","0","4"]],"bids":[["0.001042","16.4812","0","2"],["0.001041","64.797919","0","8"],["0.00104","161.894333","0","8"],["0.001039","39.826823","0","3"],["0.001038","26.4812","0","2"]],"instId":"LTC-BTC","ts":"1722885548507","seqId":596127678}]}
{"arg":{"channel":"books5","instId":"LTC-BTC"},"data":[{"asks":[["0.001043","112.630301","0","8"],["0.001044","106.159697","0","8"],["0.001045","133.141843","0","5"],["0.001047","1.4812","0","1"],["0.001048","2.201748","0","4"]],"bids":[["0.001042","16.4812","0","2"],["0.001041","64.797919","0","8"],["0.00104","161.894333","0","8"],["0.001039","39.826823","0","3"],["0.001038","26.4812","0","2"]],"instId":"LTC-BTC","ts":"1722885549007","seqId":596127681}]}
{"arg":{"channel":"books5","instId":"LTC-BTC"},"data":[{"asks":[["0.001043","112.630301","0","8"],["0.001044","70.814074","0","7"],["0.001045","133.141843","0","5"],["0.001047","1.4812","0","1"],["0.001048","2.201748","0","4"]],"bids":[["0.001042","16.4812","0","2"],["0.001041","64.797919","0","8"],["0.00104","161.894333","0","8"],["0.001039","39.826823","0","3"],["0.001038","26.4812","0","2"]],"instId":"LTC-BTC","ts":"1722885549107","seqId":596127682}]}
{"arg":{"channel":"books5","instId":"LTC-BTC"},"data":[{"asks":[["0.001043","113.630301","0","9"],["0.001044","70.814074","0","7"],["0.001045","133.141843","0","5"],["0.001047","1.4812","0","1"],["0.001048","2.201748","0","4"]],"bids":[["0.001042","16.4812","0","2"],["0.001041","64.797919","0","8"],["0.00104","161.894333","0","8"],["0.001039","39.826823","0","3"],["0.001038","26.4812","0","2"]],"instId":"LTC-BTC","ts":"1722885549207","seqId":596127683}]}
{"arg":{"channel":"books5","instId":"LTC-BTC"},"data":[{"asks":[["0.001043","103.018301","0","8"],["0.001044","70.814074","0","7"],["0.001045","133.141843","0","5"],["0.001047","1.4812","0","1"],["0.001048","2.201748","0","4"]],"bids":[["0.001042","16.4812","0","2"],["0.001041","64.797919","0","8"],["0.00104","161.894333","0","8"],["0.001039","39.826823","0","3"],["0.001038","26.4812","0","2"]],"instId":"LTC-BTC","ts":"1722885549307","seqId":596127686}]}
{"arg":{"channel":"books5","instId":"LTC-BTC"},"data":[{"asks":[["0.001043","103.018301","0","8"],["0.001044","58.709888","0","6"],["0.001045","145.246029","0","6"],["0.001047","1.4812","0","1"],["0.001048","2.201748","0","4"]],"bids":[["0.001042","16.4812","0","2"],["0.001041","64.797919","0","8"],["0.00104","161.894333","0","8"],["0.001039","39.826823","0","3"],["0.001038","26.4812","0","2"]],"instId":"LTC-BTC","ts":"1722885549407","seqId":596127688}]}
{"arg":{"channel":"books5","instId":"LTC-BTC"},"data":[{"asks":[["0.001043","103.018301","0","8"],["0.001044","58.709888","0","6"],["0.001045","180.591652","0","7"],["0.001047","1.4812","0","1"],["0.001048","2.201748","0","4"]],"bids":[["0.001042","16.4812","0","2"],["0.001041","64.797919","0","8"],["0.00104","161.894333","0","8"],["0.001039","39.826823","0","3"],["0.001038","26.4812","0","2"]],"instId":"LTC-BTC","ts":"1722885549507","seqId":596127689}]}
{"arg":{"channel":"books5","instId":"LTC-BTC"},"data":[{"asks":[["0.001043","103.018301","0","8"],["0.001044","58.709888","0","6"],["0.001045","145.246029","0","6"],["0.001047","1.4812","0","1"],["0.001048","2.201748","0","4"]],"bids":[["0.001042","16.4812","0","2"],["0.001041","64.797919","0","8"],["0.00104","161.894333","0","8"],["0.001039","39.826823","0","3"],["0.001038","26.4812","0","2"]],"instId":"LTC-BTC","ts":"1722885549607","seqId":596127692}]}
{"arg":{"channel":"books5","instId":"LTC-BTC"},"data":[{"asks":[["0.001043","102.018301","0","7"],["0.001044","58.709888","0","6"],["0.001045","180.591652","0","7"],["0.001047","1.4812","0","1"],["0.001048","2.201748","0","4"]],"bids":[["0.001042","16.4812","0","2"],["0.001041","64.797919","0","8"],["0.00104","91.894333","0","7"],["0.001039","109.826823","0","4"],["0.001038","26.4812","0","2"]],"instId":"LTC-BTC","ts":"1722885549807","seqId":596127698}]}
{"arg":{"channel":"books5","instId":"LTC-BTC"},"data":[{"asks":[["0.001043","84.688914","0","7"],["0.001044","58.709888","0","6"],["0.001045","180.591652","0","7"],["0.001047","1.4812","0","1"],["0.001048","2.201748","0","4"]],"bids":[["0.001042","16.4812","0","2"],["0.001041","64.797919","0","8"],["0.00104","91.894333","0","7"],["0.001039","109.826823","0","4"],["0.001038","26.4812","0","2"]],"instId":"LTC-BTC","ts":"1722885549907","seqId":596127700}]}
{"arg":{"channel":"books5","instId":"LTC-BTC"},"data":[{"asks":[["0.001043","78.014461","0","6"],["0.001044","70.814074","0","7"],["0.001045","133.141843","0","5"],["0.001047","1.4812","0","1"],["0.001048","2.201748","0","4"]],"bids":[["0.001042","16.4812","0","2"],["0.001041","64.797919","0","8"],["0.00104","91.894333","0","7"],["0.001039","109.826823","0","4"],["0.001038","26.4812","0","2"]],"instId":"LTC-BTC","ts":"1722885550107","seqId":596127706}]}
{"arg":{"channel":"books5","instId":"LTC-BTC"},"data":[{"asks":[["0.001043","78.014461","0","6"],["0.001044","58.709888","0","6"],["0.001045","145.246029","0","6"],["0.001047","1.4812","0","1"],["0.001048","2.201748","0","4"]],"bids":[["0.001042","16.4812","0","2"],["0.001041","64.797919","0","8"],["0.00104","91.894333","0","7"],["0.001039","109.826823","0","4"],["0.001038","26.4812","0","2"]],"instId":"LTC-BTC","ts":"1722885550207","seqId":596127712}]}
{"arg":{"channel":"books5","instId":"LTC-BTC"},"data":[{"asks":[["0.001043","78.014461","0","6"],["0.001044","58.709888","0","6"],["0.001045","145.246029","0","6"],["0.001047","1.4812","0","1"],["0.001048","2.201748","0","4"]],"bids":[["0.001042","16.4812","0","2"],["0.001041","64.797919","0","8"],["0.00104","94.894333","0","8"],["0.001039","109.826823","0","4"],["0.001038","26.4812","0","2"]],"instId":"LTC-BTC","ts":"1722885550307","seqId":596127713}]}
{"arg":{"channel":"books5","instId":"LTC-BTC"},"data":[{"asks":[["0.001043","63.014461","0","5"],["0.001044","58.709888","0","6"],["0.001045","145.246029","0","6"],["0.001047","1.4812","0","1"],["0.001048","2.201748","0","4"]],"bids":[["0.001042","1.4812","0","1"],["0.001041","59.797919","0","7"],["0.00104","94.894333","0","8"],["0.001039","109.826823","0","4"],["0.001038","26.4812","0","2"]],"instId":"LTC-BTC","ts":"1722885550407","seqId":596127717}]}
{"arg":{"channel":"books5","instId":"LTC-BTC"},"data":[{"asks":[["0.001043","87.018301","0","6"],["0.001044","58.709888","0","6"],["0.001045","145.246029","0","6"],["0.001047","1.4812","0","1"],["0.001048","2.201748","0","4"]],"bids":[["0.001042","1.4812","0","1"],["0.001041","59.797919","0","7"],["0.00104","94.894333","0","8"],["0.001039","109.826823","0","4"],["0.001038","26.4812","0","2"]],"instId":"LTC-BTC","ts":"1722885550807","seqId":596127718}]}
{"arg":{"channel":"books5","instId":"LTC-BTC"},"data":[{"asks":[["0.001043","87.018301","0","6"],["0.001044","58.709888","0","6"],["0.001045","145.246029","0","6"],["0.001047","1.4812","0","1"],["0.001048","2.201748","0","4"]],"bids":[["0.001042","1.4812","0","1"],["0.001041","59.797919","0","7"],["0.00104","94.894333","0","8"],["0.001039","134.826823","0","5"],["0.001038","26.4812","0","2"]],"instId":"LTC-BTC","ts":"1722885550907","seqId":596127719}]}
{"arg":{"channel":"books5","instId":"LTC-BTC"},"data":[{"asks":[["0.001043","102.018301","0","7"],["0.001044","58.709888","0","6"],["0.001045","145.246029","0","6"],["0.001047","1.4812","0","1"],["0.001048","2.201748","0","4"]],"bids":[["0.001042","16.4812","0","2"],["0.001041","64.797919","0","8"],["0.00104","94.894333","0","8"],["0.001039","134.826823","0","5"],["0.001038","26.4812","0","2"]],"instId":"LTC-BTC","ts":"1722885551007","seqId":596127723}]}
{"arg":{"channel":"books5","instId":"LTC-BTC"},"data":[{"asks":[["0.001043","102.018301","0","7"],["0.001044","58.709888","0","6"],["0.001045","145.246029","0","6"],["0.001047","1.4812","0","1"],["0.001048","2.201748","0","4"]],"bids":[["0.001042","16.4812","0","2"],["0.001041","64.797919","0","8"],["0.00104","94.894333","0","8"],["0.001039","109.826823","0","4"],["0.001038","26.4812","0","2"]],"instId":"LTC-BTC","ts":"1722885551207","seqId":596127728}]}
{"arg":{"channel":"books5","instId":"LTC-BTC"},"data":[{"asks":[["0.001043","78.014461","0","6"],["0.001044","94.055511","0","7"],["0.001045","145.246029","0","6"],["0.001047","1.4812","0","1"],["0.001048","2.201748","0","4"]],"bids":[["0.001042","16.4812","0","2"],["0.001041","64.797919","0","8"],["0.00104","94.894333","0","8"],["0.001039","109.826823","0","4"],["0.001038","26.4812","0","2"]],"instId":"LTC-BTC","ts":"1722885551407","seqId":596127738}]}
{"arg":{"channel":"books5","instId":"LTC-BTC"},"data":[{"asks":[["0.001043","103.018301","0","8"],["0.001044","106.159697","0","8"],["0.001045","133.141843","0","5"],["0.001047","1.4812","0","1"],["0.001048","2.201748","0","4"]],"bids":[["0.001042","16.4812","0","2"],["0.001041","64.797919","0","8"],["0.00104","94.894333","0","8"],["0.001039","109.826823","0","4"],["0.001038","26.4812","0","2"]],"instId":"LTC-BTC","ts":"1722885551507","seqId":596127742}]}
{"arg":{"channel":"books5","instId":"LTC-BTC"},"data":[{"asks":[["0.001043","103.018301","0","8"],["0.001044","106.159697","0","8"],["0.001045","133.141843","0","5"],["0.001047","1.4812","0","1"],["0.001048","2.201748","0","4"]],"bids":[["0.001042","16.4812","0","2"],["0.001041","53.338357","0","7"],["0.00104","106.353895","0","9"],["0.001039","109.826823","0","4"],["0.001038","26.4812","0","2"]],"instId":"LTC-BTC","ts":"1722885551607","seqId":596127744}]}
{"arg":{"channel":"books5","instId":"LTC-BTC"},"data":[{"asks":[["0.001043","78.014461","0","6"],["0.001044","106.159697","0","8"],["0.001045","133.141843","0","5"],["0.001047","1.4812","0","1"],["0.001048","2.201748","0","4"]],"bids":[["0.001042","16.4812","0","2"],["0.001041","53.338357","0","7"],["0.00104","106.353895","0","9"],["0.001039","109.826823","0","4"],["0.001038","26.4812","0","2"]],"instId":"LTC-BTC","ts":"1722885552007","seqId":596127746}]}
{"arg":{"channel":"books5","instId":"LTC-BTC"},"data":[{"asks":[["0.001043","78.014461","0","6"],["0.001044","103.159697","0","7"],["0.001045","133.141843","0","5"],["0.001047","1.4812","0","1"],["0.001048","2.201748","0","4"]],"bids":[["0.001042","16.4812","0","2"],["0.001041","53.338357","0","7"],["0.00104","106.353895","0","9"],["0.001039","109.826823","0","4"],["0.001038","26.4812","0","2"]],"instId":"LTC-BTC","ts":"1722885552307","seqId":596127747}]}
{"arg":{"channel":"books5","instId":"LTC-BTC"},"data":[{"asks":[["0.001043","103.018301","0","8"],["0.001044","103.159697","0","7"],["0.001045","133.141843","0","5"],["0.001047","1.4812","0","1"],["0.001048","2.201748","0","4"]],"bids":[["0.001042","16.4812","0","2"],["0.001041","53.338357","0","7"],["0.00104","106.353895","0","9"],["0.001039","109.826823","0","4"],["0.001038","26.4812","0","2"]],"instId":"LTC-BTC","ts":"1722885552507","seqId":596127749}]}
{"arg":{"channel":"books5","instId":"LTC-BTC"},"data":[{"asks":[["0.001043","103.018301","0","8"],["0.001044","103.159697","0","7"],["0.001045","133.141843","0","5"],["0.001047","1.4812","0","1"],["0.001048","2.201748","0","4"]],"bids":[["0.001042","16.4812","0","2"],["0.001041","53.338357","0","7"],["0.00104","106.353895","0","9"],["0.001039","39.826823","0","3"],["0.001038","26.4812","0","2"]],"instId":"LTC-BTC","ts":"1722885552707","seqId":596127750}]}
{"arg":{"channel":"books5","instId":"LTC-BTC"},"data":[{"asks":[["0.001043","103.018301","0","8"],["0.001044","103.159697","0","7"],["0.001045","133.141843","0","5"],["0.001047","1.4812","0","1"],["0.001048","2.201748","0","4"]],"bids":[["0.001042","16.4812","0","2"],["0.001041","53.338357","0","7"],["0.00104","176.353895","0","10"],["0.001039","39.826823","0","3"],["0.001038","26.4812","0","2"]],"instId":"LTC-BTC","ts":"1722885552807","seqId":596127751}]}
{"arg":{"channel":"books5","instId":"LTC-BTC"},"data":[{"asks":[["0.001043","103.018301","0","8"],["0.001044","103.159697","0","7"],["0.001045","133.141843","0","5"],["0.001047","1.4812","0","1"],["0.001048","2.201748","0","4"]],"bids":[["0.001042","16.4812","0","2"],["0.001041","64.797919","0","8"],["0.00104","164.894333","0","9"],["0.001039","39.826823","0","3"],["0.001038","26.4812","0","2"]],"instId":"LTC-BTC","ts":"1722885553907","seqId":596127757}]}
{"arg":{"channel":"books5","instId":"LTC-BTC"},"data":[{"asks":[["0.001043","103.018301","0","8"],["0.001044","55.709888","0","5"],["0.001045","145.246029","0","6"],["0.001047","1.4812","0","1"],["0.001048","2.201748","0","4"]],"bids":[["0.001042","16.4812","0","2"],["0.001041","64.797919","0","8"],["0.00104","164.894333","0","9"],["0.001039","64.826823","0","4"],["0.001038","26.4812","0","2"]],"instId":"LTC-BTC","ts":"1722885554307","seqId":596127761}]}
{"arg":{"channel":"books5","instId":"LTC-BTC"},"data":[{"asks":[["0.001043","103.018301","0","8"],["0.001044","55.709888","0","5"],["0.001045","180.591652","0","7"],["0.001047","1.4812","0","1"],["0.001048","2.201748","0","4"]],"bids":[["0.001042","16.4812","0","2"],["0.001041","64.797919","0","8"],["0.00104","164.894333","0","9"],["0.001039","64.826823","0","4"],["0.001038","26.4812","0","2"]],"instId":"LTC-BTC","ts":"1722885554407","seqId":596127764}]}
{"arg":{"channel":"books5","instId":"LTC-BTC"},"data":[{"asks":[["0.001043","103.018301","0","8"],["0.001044","55.709888","0","5"],["0.001045","145.246029","0","6"],["0.001047","1.4812","0","1"],["0.001048","2.201748","0","4"]],"bids":[["0.001042","16.4812","0","2"],["0.001041","64.797919","0","8"],["0.00104","164.894333","0","9"],["0.001039","64.826823","0","4"],["0.001038","26.4812","0","2"]],"instId":"LTC-BTC","ts":"1722885554607","seqId":596127769}]}
{"arg":{"channel":"books5","instId":"LTC-BTC"},"data":[{"asks":[["0.001043","103.018301","0","8"],["0.001044","55.709888","0","5"],["0.001045","145.246029","0","6"],["0.001047","1.4812","0","1"],["0.001048","2.201748","0","4"]],"bids":[["0.001042","16.4812","0","2"],["0.001041","64.797919","0","8"],["0.00104","161.894333","0","8"],["0.001039","64.826823","0","4"],["0.001038","26.4812","0","2"]],"instId":"LTC-BTC","ts":"1722885555007","seqId":596127770}]}
